2003 3116
376 238 455 275 ICO'
945 234 1313 267 PROLEGOMENA.

370 342 518 396 fuisse,
556 341 630 382 sed
669 341 800 381 etiam
838 354 986 381 reuera
1024 340 1068 380 in
1100 340 1200 381 ludo
1228 340 1492 382 declamatas
1525 355 1618 382 esse
1650 342 1890 397 fragmenta

371 413 480 453 libro
513 411 556 452 II
588 414 630 452 et
662 410 722 452 IV
758 412 930 451 seruata
962 410 1173 452 euincunt.

487 479 532 537 6)
575 480 880 523 Controuersia
912 480 962 521 de
995 478 1210 535 Caepione
1242 482 1483 523 maiestatis
1516 496 1587 523 reo
1621 497 1671 523 ex
1703 484 1890 525 tumultu

369 552 587 594 Saturnini
612 552 726 594 facto
757 566 868 593 anno
896 550 1104 606 654s100:
1131 551 1238 593 conf.
1262 552 1281 593 I
1311 554 1376 606 12,
1396 554 1470 594 21;
1505 568 1554 594 ex
1581 553 1890 596 declamatione

368 638 498 663 unum
530 625 667 664 restat
696 623 992 678 fragmentum
1023 622 1066 664 ΙΙ
1101 623 1166 676 12,
1196 624 1262 677 17,
1294 624 1404 666 conf.
1430 623 1492 666 IV
1517 624 1586 678 25,
1612 624 1680 665 35.

488 692 532 749 7)
573 695 814 736 Accusatur
853 694 888 735 is
927 693 1000 748 qui
1038 694 1082 734 P.
1110 692 1341 748 Sulpicium
1382 709 1426 736 se
1468 695 1627 737 fatetur
1667 695 1891 738 occidisse:

367 765 557 806 defendit
594 765 636 806 id
675 766 794 807 iussu
834 766 1074 806 consulum:
1118 764 1139 806 I
1176 766 1247 817 15,
1282 765 1350 807 25.
1395 763 1527 821 (anno
1561 766 1738 821 6r36s88:
1782 768 1890 809 conf.

368 837 523 877 Ascon.
556 852 596 890 p.
622 838 689 887 57,
720 838 770 878 11
806 836 855 877 K.
883 834 943 892 S.)

485 907 552 949 Ex
589 908 669 949 hac
709 907 1015 948 declamatione
1054 910 1226 962 sumpta
1265 922 1358 949 esse
1397 907 1594 949 uidentur
1630 907 1694 949 IV
1722 909 1796 963 52,
1823 910 1890 950 65.

368 980 436 1032 34,
462 979 520 1020 45
552 978 725 1020 Nullius
752 993 920 1020 maeror
953 993 987 1019 e.
1015 994 1052 1033 q.
1080 993 1110 1020 s.
1161 980 1224 1033 14,
1250 979 1308 1020 20
1339 978 1452 1020 Eum
1482 978 1699 1020 hominem
1732 994 1764 1021 e.
1794 995 1830 1034 q.
1860 995 1890 1021 s.

368 1051 436 1103 24,
458 1050 513 1091 33
541 1048 677 1091 Credo
703 1049 926 1090 inimicum
953 1064 986 1090 e.
1003 1064 1041 1104 q.
1057 1064 1088 1090 s.
1122 1050 1189 1104 28,
1210 1050 1264 1092 38
1294 1049 1545 1092 Commotus
1571 1065 1657 1092 non
1684 1066 1726 1091 es
1755 1065 1788 1092 e.
1804 1066 1841 1106 q.
1858 1065 1890 1092 s.

369 1121 467 1162 alia.
530 1119 881 1162 Controuersiam
915 1121 966 1161 ad
1000 1121 1323 1162 similitudinem
1357 1121 1539 1175 exempli
1566 1120 1717 1163 Graeci
1745 1122 1890 1164 fictam

367 1206 459 1233 esse
508 1191 761 1233 concedetur
805 1192 976 1233 conlato
1023 1191 1225 1247 Capellae
1270 1193 1364 1234 loco
1409 1192 1530 1233 RLM
1567 1208 1607 1246 p.
1642 1193 1746 1246 460,
1779 1193 1804 1235 8
1831 1192 1890 1234 H:

368 1263 529 1304 cScelus
568 1265 710 1303 autem
748 1262 1005 1304 necessitate
1046 1263 1259 1304 commisit
1298 1263 1370 1318 qui
1408 1267 1635 1318 praecepto
1674 1264 1792 1305 ducis
1830 1265 1890 1305 in-

367 1337 534 1376 sontem
565 1334 784 1376 hominem
816 1334 1054 1389 iugulauit.'

485 1403 530 1460 8)
564 1404 650 1446 Lex
683 1407 802 1446 uetat
833 1419 942 1459 eum,
975 1405 1046 1460 qui
1080 1405 1130 1446 de
1163 1405 1352 1459 pecuniis
1382 1406 1629 1458 repetundis
1663 1405 1888 1448 damnatus

367 1478 435 1530 sit,
470 1476 514 1517 in
541 1476 741 1519 contione
768 1476 1007 1518 orationem
1032 1476 1202 1518 habere.
1253 1476 1404 1517 Altera
1436 1476 1504 1517 lex
1529 1477 1648 1518 iubet
1674 1492 1892 1533 augurem,

366 1549 410 1589 in
443 1547 654 1589 demortui
686 1547 828 1590 locum
863 1548 934 1602 qui
967 1550 1104 1602 petat,
1136 1548 1179 1589 in
1213 1548 1412 1590 contione
1444 1547 1678 1589 nominare.
1739 1549 1890 1604 Augur

367 1618 539 1673 quidam
578 1618 804 1661 damnatus
844 1619 894 1660 de
932 1619 1124 1674 pecuniis
1163 1619 1409 1674 repetundis
1448 1619 1493 1660 in
1526 1618 1724 1661 contione
1754 1620 1889 1662 nomi-

364 1690 499 1732 nauit.
559 1689 727 1732 Petitur
767 1691 819 1732 ab
859 1705 907 1732 eo
950 1690 1098 1732 multa.
1161 1689 1424 1732 Constitutio
1465 1690 1663 1746 legitima
1702 1705 1751 1732 ex
1790 1705 1889 1732 con-

366 1761 509 1802 trariis
552 1761 732 1816 legibus.
783 1761 905 1817 111,
931 1762 987 1803 20
1031 1761 1212 1817 (factum
1252 1764 1351 1803 ante
1393 1776 1552 1803 annum
1591 1761 1743 1817 673s81
1790 1764 1892 1816 post

367 1847 523 1873 annum
558 1832 777 1889 (351s103).

483 1902 607 1945 Hanc
632 1904 968 1946 controuersiam
995 1906 1235 1946 tractarunt
1256 1903 1464 1945 Iordanus
1488 1903 1629 1945 Herm.
1645 1902 1752 1944 VIII
1774 1919 1810 1958 p.
1833 1903 1888 1945 80

367 1977 410 2016 et
436 1974 740 2017 Bochmannus
774 1976 799 2016 l.
828 1990 860 2017 s.
886 1991 925 2030 p.
952 1976 990 2017 5.
1020 1976 1071 2017 17
1107 1975 1179 2030 qui
1211 1975 1308 2016 inde
1335 1974 1447 2016 effici
1474 1974 1704 2015 arbitretur
1731 1974 1887 2015 librum

365 2048 464 2088 ante
503 2061 663 2088 annum
695 2046 848 2101 673s81
891 2047 1098 2101 scriptum
1138 2060 1242 2088 esse.
1304 2045 1416 2086 Nam
1450 2045 1586 2086 altera
1618 2045 1691 2086 illa
1722 2045 1789 2086 lex
1823 2048 1889 2086 est

365 2117 433 2158 lex
470 2117 664 2159 Domitia
707 2132 788 2172 qua
831 2118 880 2158 de
922 2118 1016 2171 lege
1057 2117 1167 2158 conf.
1204 2116 1496 2159 Mommsenus
1539 2115 1807 2157 Staatsrecht
1848 2115 1889 2156 II

365 2186 520 2243 (1887)
550 2189 570 2229 1
604 2204 642 2242 p.
669 2189 737 2243 29,
764 2190 802 2229 4.
835 2189 892 2230 30
925 2203 1031 2243 quae
1064 2189 1158 2242 lege
1186 2186 1386 2229 Cornelia
1417 2187 1492 2228 illo
1527 2200 1640 2228 anno
1672 2187 1760 2227 lata
1793 2186 1888 2227 sub-

366 2259 453 2299 lata
485 2262 561 2300 est.
625 2260 744 2308 Quod
783 2263 930 2301 tamen
963 2262 1260 2319 argumentum
1298 2273 1447 2313 parum
1482 2272 1613 2313 graue
1651 2260 1716 2298 est
1751 2271 1886 2310 neque

366 2329 526 2371 sufficit
564 2331 627 2371 illi
665 2331 940 2373 conclusioni.
1002 2329 1117 2372 Nam
1150 2331 1186 2372 si
1225 2330 1455 2372 contuleris
1493 2328 1705 2383 quomodo
1740 2327 1886 2370 Cicero

365 2401 407 2441 in
435 2402 730 2443 controuersia
757 2402 782 2443 3
810 2404 852 2443 et
879 2402 905 2443 5
938 2417 1014 2455 pro
1040 2402 1287 2443 nominibus
1315 2400 1469 2454 Popilii
1496 2402 1537 2440 et
1562 2399 1753 2440 Malleoli
1780 2399 1886 2440 illud

364 2472 533 2524 quidam
577 2473 862 2527 substituerit,
905 2487 992 2514 non
1032 2472 1211 2527 negabis
1250 2472 1293 2512 in
1333 2471 1540 2524 scriptore
1585 2470 1638 2511 ad
1675 2468 1775 2510 Her.
1809 2484 1886 2523 pro

364 2544 534 2595 quidam
565 2557 720 2585 nomen
746 2544 968 2598 proprium
995 2558 1120 2598 posse
1153 2542 1353 2597 supponi:
1387 2556 1469 2596 quo
1503 2542 1617 2583 facto
1645 2541 1784 2582 omnis
1811 2540 1887 2582 illa

366 2615 683 2668 argumentatio
736 2615 906 2656 corruit.
974 2614 1087 2656 Nam
1138 2614 1244 2655 nihil
1295 2612 1473 2667 impedit
1520 2611 1747 2666 quominus
1796 2626 1885 2652 rem

367 2689 527 2727 certam
560 2701 672 2728 anno
705 2686 791 2727 fere
826 2685 1014 2740 654s100
1046 2685 1208 2726 Romae
1240 2686 1379 2726 aotam
1414 2685 1654 2724 statuamus
1686 2682 1762 2723 illo
1795 2682 1885 2723 loco

366 2757 502 2810 tangi.

486 2827 688 2881 Reliquas
745 2827 1060 2870 controuersias
1110 2826 1300 2867 breuiter
1350 2824 1647 2867 tantummodo
1698 2826 1884 2878 tangam.

368 2895 403 2936 E
433 2897 584 2950 quibus
611 2898 688 2939 illa
716 2913 822 2952 quae
849 2897 869 2938 I
899 2899 963 2947 12,
989 2898 1046 2939 20
1078 2899 1341 2938 memoratur
1365 2898 1467 2937 nata
1500 2910 1550 2937 ex
1577 2894 1778 2948 ambiguo
1810 2893 1885 2934 illo

368 2969 647 3009 testamento:
692 2967 830 3009 ‘heres
870 2983 988 3010 meus
1029 2968 1150 3009 uxori
1188 2982 1307 3008 meae
1346 2965 1467 3007 XXX
1506 2965 1646 3019 pondo
1684 2979 1886 3006 uasorum
