2003 3116
721 123 1089 158 PROLEGOMENA.
1594 124 1610 163 1
1620 123 1675 163 69

155 231 353 286 plurima.
415 231 594 286 Scripsit
631 231 764 287 igitur
802 231 823 273 I
849 232 892 285 6,
922 232 976 274 10
1021 231 1314 274 ‘dubitatione
1359 235 1527 274 utemur
1574 232 1675 287 quid

156 303 431 358 potissimum
463 302 687 358 dicamus',
723 303 788 358 12,
809 304 864 344 22
897 303 1014 345 ecum
1052 303 1298 345 definitione
1331 304 1388 345 sit
1420 318 1544 357 usus,
1578 303 1678 358 quid

158 375 214 416 sit
244 374 440 430 furtum’,
470 374 511 416 ΙΙ
538 375 578 429 9,
600 375 653 416 13
687 373 878 415 eutemur
906 407 914 416 .
934 407 943 415 .
965 407 972 415 .
998 375 1324 428 percontatione
1358 375 1567 416 scirentne
1588 408 1596 416 .
1618 408 1626 416 .
1647 407 1678 429 .,

158 445 400 487 conlatione
442 446 544 501 quid
586 445 792 499 scriptum
836 445 909 498 sit,
943 445 1042 499 quid
1082 479 1090 488 .
1123 478 1131 487 .
1164 478 1172 486 .
1213 460 1256 486 se
1298 445 1451 487 fecisse
1496 445 1676 500 dicant-⁹,

157 516 177 558 I
203 518 241 568 2,
263 517 288 558 3
311 516 560 558 ‘uerborum
581 549 589 557 .
610 548 620 557 .
641 549 649 557 .
670 515 721 556 ad
749 516 1043 557 inuentionem
1065 516 1442 570 adcominoclatio’,
1463 516 1525 558 IV
1539 517 1607 571 49,
1623 518 1679 559 62

158 587 342 630 ‘formae
381 602 475 629 cum
514 586 653 628 forma
693 620 699 626 .
740 619 747 626 .
796 619 804 627 .
843 586 1072 639 conlaffio’,
1110 587 1261 640 24,34
1303 586 1548 629 ‘Eiusmodi
1587 621 1595 629 .
1629 622 1637 629 .
1670 622 1678 630 .

158 658 388 699 identidem
417 657 740 711 subiectiones',
764 656 807 698 Π
838 657 903 711 17,
923 657 980 699 25
1013 657 1070 698 ‘si
1096 658 1215 699 nulla
1243 660 1316 699 aut
1343 673 1367 699 a
1392 660 1550 700 nostris
1578 660 1678 701 ciui-

157 730 237 771 bus
270 732 345 770 aut
376 729 429 771 ab
463 730 606 784 aliqua
639 728 814 770 ciuitate
847 728 1109 783 uituperatio
1144 744 1193 771 ex
1227 744 1276 771 ea
1307 744 1351 770 re
1391 730 1680 785 suscipietur',

158 801 225 854 22,
247 801 303 842 34
336 800 436 842 ‘hac
464 801 516 842 ab
544 800 694 841 ultimo
727 799 1026 854 repetitione',
1057 800 1121 842 ΙΙΙ
1150 802 1216 854 14,
1237 801 1294 842 25
1328 801 1466 842 ‘uocis
1501 802 1553 842 ab
1579 802 1679 843 iniis

158 871 353 912 faucibus
399 868 791 925 exclamationem’,
836 869 898 911 IV
931 871 1006 925 22,
1034 871 1087 912 31
1139 872 1283 925 posuit
1334 871 1464 914 ‘Gaio
1517 871 1679 915 Gracco

159 943 309 984 similis
349 941 504 983 occisio
544 944 610 983 est
649 941 817 983 oblata’
858 940 985 983 sicuti
1032 941 1170 983 Plaut.
1210 941 1423 985 Rud.514
1464 944 1679 986 tmendici-

155 1015 287 1054 tatem
321 1013 378 1053 mi
411 1013 607 1067 optulisti
641 1027 770 1067 opera
808 1011 927 1054 tua':
966 1012 1269 1055 Perduellc‘ones
1307 1013 1370 1054 JV
1400 1016 1464 1068 10,
1487 1016 1541 1057 15
1580 1018 1681 1057 sunt

155 1084 364 1139 homines,
395 1083 730 1137 ‘admi-aciones,
764 1085 811 1126 de
842 1084 987 1137 quibus
1018 1098 1093 1126 2203
1124 1085 1409 1127 ozai·rabz'neez,<’
1444 1085 1509 1128 III
1539 1088 1604 1140 14,
1625 1087 1681 1128 24

158 1170 226 1197 res
260 1155 534 1198 admirandae
572 1156 642 1197 uel
677 1155 927 1210 θαυμάσια,
966 1156 1270 1198 deliberationes
1309 1158 1347 1211 2,
1368 1158 1394 1198 2
1426 1172 1492 1198 res
1526 1158 1680 1199 delibe-

157 1227 329 1269 randae.
380 1226 637 1268 Genetiuum
670 1228 840 1269 finalem
876 1228 945 1282 qui
976 1228 1087 1281 apud
1114 1228 1365 1270 Terentium
1391 1228 1573 1282 Adelph.
1595 1229 1681 1271 270

161 1298 248 1340 ‘Ne
281 1298 323 1339 id
357 1298 608 1339 adsentandi
644 1298 781 1354 magis
821 1314 948 1353 quam
983 1314 1067 1353 quo
1104 1298 1288 1340 habeam
1334 1302 1504 1354 gratum
1542 1299 1680 1342 facere

157 1369 410 1411 existumes’
442 1370 627 1423 primum
660 1371 847 1412 occurrit-
878 1370 1146 1412 seruauimus
1180 1385 1272 1412 cum
1301 1378 1348 1412 Μ
1375 1373 1416 1412 ct
1449 1370 1680 1413 WVeidnero

154 1440 173 1481 Ι
195 1441 325 1495 16,26
351 1439 411 1482 ‘se
426 1441 559 1494 patris
576 1441 804 1483 ulciscendi
820 1444 1002 1483 matrem
1018 1441 1238 1483 occidisse'
1255 1442 1564 1497 0011Γ.1130,48
1578 1446 1681 1484 extr.

157 1511 438 1553 Accusatiuos
463 1512 634 1554 Aenean
660 1512 720 1553 IV
742 1513 811 1567 34,
825 1514 881 1554 46
910 1528 959 1554 ex
986 1513 1159 1568 optimis
1187 1514 1308 1554 libris
1330 1513 1606 1567 restituimus,
1638 1514 1681 1554 in

157 1583 465 1625 declamatione
498 1583 540 1624 II
570 1584 634 1638 19,
656 1584 710 1626 28
749 1585 922 1638 Aiacem,
961 1600 1044 1639 qua
1086 1584 1223 1626 fornia
1263 1585 1323 1626 uti
1361 1585 1504 1640 potuit
1537 1583 1677 1626 HJor-

156 1654 291 1696 danus
325 1654 433 1696 Krit.
460 1654 590 1696 Beitr.
617 1670 654 1709 p.
677 1656 744 1710 36,
784 1671 878 1697 cum
918 1655 938 1696 I
972 1657 1032 1710 17,
1054 1656 1106 1697 27
1150 1656 1321 1698 Aiacem
1360 1656 1404 1697 in
1442 1656 1680 1710 praeceptis

155 1740 440 1768 seruarenius:
460 1740 595 1780 neque
617 1727 729 1768 enim
751 1727 977 1782 quicquam
998 1728 1136 1782 magis
1166 1741 1413 1781 peruersum
1442 1741 1533 1768 esse
1555 1742 1682 1781 quam

156 1796 208 1837 ad
235 1795 412 1837 eandem
440 1811 635 1838 normam
663 1800 705 1838 et
731 1797 924 1852 regulam
951 1798 1085 1839 uerba
1111 1798 1333 1852 scriptoris
1361 1799 1553 1854 redigere
1582 1813 1679 1840 mox

159 1867 395 1922 apparebit.
456 1868 684 1910 Praeterea
716 1869 760 1910 in
793 1870 961 1911 casibu's
995 1871 1219 1924 praecipue
1254 1870 1432 1912 ablatiui
1459 1870 1682 1925 qualitatis

160 1941 203 1980 et
235 1953 386 1981 causae
417 1939 595 1981 notandi
628 1943 728 1981 sunt
752 1940 880 1982 huius
908 1941 1128 1996 scriptoris
1157 1942 1330 1996 proprii.
1380 1941 1530 1996 Itaque
1558 1942 1683 1983 sicuti

155 2009 322 2051 Ennius
369 2010 477 2052 dixit
520 2011 563 2052 in
602 2011 829 2053 annalibus
876 2012 1044 2054 ‘orator
1091 2012 1314 2054 Cornelius
1363 2013 1682 2067 suauiloquenti

156 2080 260 2122 Ore’
305 2082 350 2122 in
392 2081 543 2123 Medea
588 2081 759 2124 ‘Medea
805 2083 946 2124 animo
993 2083 1158 2138 aegro',
1208 2085 1269 2125 ita
1319 2084 1389 2125 hic
1433 2084 1497 2125 III
1533 2084 1678 2133 19,31

157 2151 478 2207 ‘magnitudine
523 2153 690 2195 modica
736 2156 778 2195 et
822 2154 1048 2196 mediocris
1099 2155 1215 2197 locos
1267 2155 1425 2196 habere
1477 2154 1682 2210 oportet',

157 2221 218 2264 IV
247 2223 313 2277 10,
336 2223 390 2264 14
423 2222 637 2266 ‘scurram
670 2224 879 2267 exhausto
912 2226 1100 2268 rubore'.
1167 2227 1395 2268 Ablatiuus
1434 2240 1586 2268 causae
1619 2227 1678 2267 in-

157 2294 306 2348 primis
322 2293 389 2335 his
402 2295 509 2336 locis
522 2296 787 2350 agnoscitur:
807 2295 818 2314 ²
828 2298 1144 2340 necessitudine
1164 2297 1291 2351 (conf.
1305 2297 1442 2339 Plaut.
1454 2297 1561 2339 Rud.
1573 2295 1682 2352 292)

158 2364 297 2405 facere
318 2379 406 2407 non
426 2366 582 2408 studio'
597 2367 660 2409 IV
687 2368 723 2422 1,
745 2369 765 2409 1
797 2365 920 2424 (Hor.
941 2367 1210 2426 sat.14,79)‚
1243 2368 1427 2422 1116,11
1453 2367 1582 2423 (conf.
1597 2367 1681 2410 Cic.

157 2450 234 2489 pro
266 2435 391 2478 Rosc.
418 2437 513 2478 Am.
540 2438 609 2492 32,
630 2436 726 2493 91):
766 2439 862 2481 ‘aut
901 2439 1042 2481 officio
1083 2440 1222 2482 facere
1261 2474 1268 2481 .
1302 2473 1310 2482 .
1343 2472 1353 2482 .
1394 2443 1468 2482 aut
1506 2439 1682 2493 studio',

157 2505 200 2547 Π
231 2507 295 2561 17,
315 2507 371 2548 26
405 2506 566 2551 ‘alieno
599 2509 776 2552 inductu
818 2510 1003 2565 fecerit’,
1040 2511 1082 2552 II
1113 2512 1177 2564 19,
1199 2512 1253 2552 29
1294 2511 1486 2566 ‘imperii
1525 2510 1679 2565 cupidi—

157 2576 281 2631 tate',
324 2576 388 2619 IV
414 2579 541 2632 9,13
586 2579 668 2635 ε111,
713 2581 978 2635 uoluntate',
1024 2581 1146 2624 ecasu
1190 2582 1392 2623 nescierit
1437 2596 1491 2623 an
1535 2581 1679 2636 culpa’

158 2648 200 2689 II
230 2649 295 2704 16,
317 2650 385 2703 24,
418 2648 567 2691 ‘animi
599 2651 705 2693 uitio
732 2684 743 2694 .
769 2685 777 2693 .
804 2685 811 2693 .
845 2653 1033 2694 nescisse
1065 2667 1151 2695 non
1182 2651 1478 2707 inprudentia'
1510 2651 1681 2694 ibidem.

157 2719 391 2762 Ablatiuus
441 2721 624 2776 denique
670 2725 744 2764 aut
795 2722 1074 2765 instrumenti
1120 2727 1196 2765 aut
1241 2723 1464 2765 absolutus
1511 2722 1679 2778 saepius

157 2791 201 2832 in
231 2791 316 2832 fine
349 2792 669 2835 enuntiatorum
701 2793 919 2835 inuenitur
956 2794 1122 2849 positus
1160 2795 1242 2836 hoc
1282 2794 1430 2836 modo:
1467 2793 1509 2835 II
1538 2794 1604 2849 18,
1625 2795 1680 2836 28

160 2861 310 2905 ‘Ratio
352 2866 418 2905 est
458 2878 566 2918 quae
608 2879 781 2907 causam
824 2864 1108 2922 demonstrat,
1153 2881 1301 2908 uerum
1344 2880 1435 2908 esse
1480 2865 1523 2907 id
1566 2866 1680 2921 quod
