2003 3116
430 142 574 175 LIBER
598 142 648 174 IV
674 143 762 185 (VI).
814 142 912 176 CAP.
940 144 1089 176 54—56.
1140 145 1159 184 g
1187 144 1335 177 68—69.
1554 142 1639 184 375

179 267 200 293 e
232 251 392 306 populo
425 265 553 292 unus:
585 249 743 306 ‘Fuge,
774 250 904 305 fuge‚'
934 250 1084 305 inquit,
1118 249 1296 293 ‘Tiberi
1360 250 1458 293 Non
1488 251 1638 293 uides?

177 322 376 377 Respice,
415 320 620 377 inquam?
682 321 846 363 Deinde
878 336 991 377 uaga
1023 322 1273 376 multitudo,
1313 323 1453 364 subito
1485 323 1638 365 timore

177 393 428 449 perterrita,
460 393 609 448 fugere
643 393 794 448 coepit.
856 392 915 434 At
945 394 1028 434 iste
1061 408 1266 448 spumans
1300 408 1351 435 ex
1383 409 1455 436 ore
1488 395 1639 451 scelus,

177 465 381 506 anhelans
422 479 470 506 ex
509 465 658 506 infimo
697 466 869 519 pectore
902 464 1216 519 crudelitatem,
1258 467 1512 520 contorquet
1542 465 1637 508 bra-

78 549 94 575 5
175 536 317 578 chium
343 538 385 577 et
411 535 654 577 dubitantei
675 534 850 586 Gracco,
878 534 979 590 quid
1005 538 1130 587 esset,
1155 550 1290 590 neque
1317 539 1460 578 tamen
1482 537 1636 593 locum,

170 607 216 648 in
237 621 320 662 quo
336 607 602 660 constiterat,
622 606 879 661 relinquenti
894 607 1078 660 percutit
1091 609 1272 661 tempus.
1308 607 1386 649 Ille
1400 622 1457 649 nu
1473 609 1636 650 uocella

170 677 362 719 delibans
384 677 560 719 insitam
580 677 787 719 uirtutem
807 677 991 719 concidit
1010 678 1182 719 tacitus.
1213 677 1300 719 Iste
1314 678 1397 719 uiri
1411 678 1633 721 fortissimi

169 748 412 790 miserando
435 749 643 804 sanguine
665 763 875 803 asperSUS‚
902 749 1024 804 quasi
1044 748 1210 791 facinus
1239 749 1633 803 praeclarissimum

169 820 358 874 fecisset,
397 819 554 862 circum
594 821 838 875 inspectans
879 822 921 861 et
958 820 1093 861 hilare
1126 820 1378 862 sceleratam
1414 823 1632 876 gratulan-

53 904 88 930 10
168 891 286 933 tibus
325 906 497 933 manum
535 892 759 947 porrigens
804 892 847 933 in
885 891 1093 946 templum
1130 891 1246 934 Iouis
1291 892 1473 934 contulit
1511 893 1632 936 sese.'

226 962 345 1005 Haec
391 964 612 1005 exornatio
656 963 887 1018 plurimum
931 963 1106 1017 prodest
1151 963 1196 1005 in
1241 964 1545 1018 amplificanda
1589 969 1632 1008 et
1646 981 1689 1013 69

108 1035 434 1076 conmiseranda,
459 1050 504 1077 re
531 1034 776 1076 huiusmodi
803 1034 1162 1077 enarrationibus.
1212 1033 1374 1077 Statuit
1399 1036 1513 1078 enim
1539 1053 1629 1079 rem

104 1107 244 1148 totam
277 1108 319 1148 et
349 1106 542 1162 pr0<pe>
575 1106 697 1161 ponit
730 1108 828 1147 ante
861 1106 1019 1148 oculos.

221 1260 381 1303 Omnes
419 1262 607 1303 rationes
646 1261 941 1303 honestandae
980 1262 1169 1304 studiose
1202 1263 1454 1319 collegimus
1489 1266 1698 1320 <e>lo-56

46 1346 80 1372 15
105 1333 315 1388 cutionis,
346 1334 390 1374 in
423 1333 592 1388 quibus,
624 1333 830 1387 Herenni,
870 1334 906 1375 si
937 1336 980 1375 te
1018 1335 1266 1390 diligentius
1300 1337 1553 1392 exercueris,
1587 1342 1629 1381 et

99 1405 353 1459 grauitatem
405 1408 446 1446 et
498 1404 752 1460 dignitatem
792 1407 834 1445 et
872 1405 1131 1447 suauitatem
1169 1406 1326 1448 habere
1364 1408 1407 1449 in
1446 1409 1627 1453 dicundo

99 1476 281 1531 poteris,
320 1479 368 1518 ut
411 1476 595 1518 oratorie
634 1476 761 1531 plane
793 1476 1001 1532 loquaris,
1038 1492 1091 1519 ne
1123 1478 1237 1520 nuda
1270 1481 1395 1535 atque
1427 1480 1626 1524 inornata

98 1547 291 1590 inuentio
324 1549 496 1604 uulgari
529 1562 723 1589 sermone
757 1548 968 1590 efferatur.
1032 1548 1155 1591 Nunc
1189 1549 1421 1592 identidem
1453 1556 1624 1594 nosmet

96 1618 181 1673 ipsi
226 1618 351 1661 nobis
395 1620 605 1661 instemus
642 1643 691 1648 —
727 1633 794 1660 res
840 1619 952 1660 enim
999 1621 1238 1662 communis
1285 1625 1434 1677 agetur
1465 1648 1540 1678 -,
1577 1627 1625 1666 ut

215 1735 238 1771 8
264 1735 362 1772 Plut.
389 1737 444 1772 Ti.
472 1736 627 1772 Gracch.
657 1739 698 1772 19
726 1732 774 1776 ὡς
802 1733 866 1771 ἐπὶ
891 1736 991 1783 καλῷ
1018 1750 1091 1771 τινι
1121 1734 1396 1783 σεμνυνόμενος

94 1832 242 1866 motant
266 1831 325 1866 Η2
363 1832 602 1867 commodant
631 1830 796 1866 ΡΠΒΟ
836 1833 1050 1866 conmetant
1075 1832 1266 1879 Kayserus
1339 1835 1360 1870 1
1388 1835 1474 1879 fuge
1493 1837 1622 1883 fugeE

92 1884 179 1929 fuge
206 1885 252 1920 H
283 1886 367 1920 fusu
392 1885 479 1930 fuge
506 1885 587 1920 PH
621 1885 724 1920 fusus
751 1884 838 1929 fuge
867 1884 897 1920 G
925 1884 1054 1930 fufuge
1075 1885 1111 1920 B
1145 1887 1235 1921 heus
1254 1888 1295 1922 tu
1321 1887 1408 1933 fuge
1430 1889 1623 1927 Jordanus

91 1937 202 1972 tiberi
223 1939 242 1973 b
264 1938 386 1984 tyberi
407 1940 447 1973 Zv
469 1938 588 1973 uideri
608 1941 643 1971 M
716 1938 740 1973 3
762 1938 808 1971 ad
829 1938 879 1973 P1
959 1950 1109 1984 spumas
1129 1940 1172 1974 H
1190 1952 1357 1985 spumam
1376 1945 1404 1975 Ε
1479 1945 1566 1979 hore
1590 1946 1627 1980 P

91 1991 210 2026 scelus
236 1995 271 2025 M
307 1992 462 2027 reiciens
488 1996 516 2025 E
607 1991 632 2026 4
657 1990 810 2026 anelans
834 2003 855 2027 v
948 1994 1147 2038 extorquet
1173 1994 1185 2028 Ζ
1283 1994 1305 2028 5
1340 1995 1535 2032 dubitante
1561 1998 1620 2033 Η1

91 2044 278 2079 dubitanti
291 2046 422 2090 ¹reliqui
471 2045 677 2090 gracchoM
727 2044 750 2079 6
766 2045 981 2079 steteratH
1028 2046 1170 2081 nullam
1183 2052 1355 2082 uocemE
1410 2050 1426 2084 7
1451 2049 1619 2087 delibans

96 2097 280 2134 Victorius
314 2099 491 2134 delabaris
517 2099 562 2133 H
565 2099 643 2133 ΡΠ
678 2098 856 2133 delabens
877 2099 914 2134 B
952 2099 1013 2133 uel
1034 2099 1219 2134 delauaris
1241 2100 1273 2136 G
1301 2101 1413 2136 edens
1433 2107 1461 2137 E
1507 2103 1620 2140 insita

89 2152 228 2187 uirtute
252 2156 280 2185 E
337 2152 360 2187 9
386 2151 739 2196 circuminspectans
761 2154 799 2187 et
818 2153 899 2187 PH
907 2152 937 2187 C
960 2153 1097 2187 circum
1116 2153 1328 2199 inspectans
1350 2156 1382 2190 ei
1402 2157 1448 2191 Η
1464 2158 1618 2194 circum-

90 2207 260 2249 spectans
276 2206 310 2240 ei
323 2207 359 2241 B
409 2209 446 2241 et
466 2205 777 2250 circumspectans
794 2209 821 2239 E
878 2205 945 2240 illa
964 2215 1003 2239 re
1017 2205 1063 2240 H
1077 2206 1247 2242 hilariter
1265 2219 1285 2243 υ
1342 2210 1524 2246 scelerata.
1537 2213 1622 2248 ΗΡ

90 2259 140 2294 10
165 2271 244 2294 esse
272 2259 304 2295 0
377 2260 423 2294 11
452 2260 712 2305 amplificando
739 2258 785 2293 H
871 2259 924 2305 et]
952 2259 1020 2294 hec
1046 2260 1091 2294 H
1166 2261 1213 2295 12
1233 2263 1513 2301 conmiseranda
1538 2267 1622 2302 ΗΡ

93 2311 388 2348 commiseranda
407 2314 539 2358 reliqui
600 2324 636 2347 re
662 2316 697 2346 M
734 2323 772 2347 re
799 2314 836 2348 et
861 2312 899 2346 in
924 2316 952 2346 E
1014 2313 1122 2348 huius
1144 2314 1244 2349 modi
1264 2315 1340 2349 PB
1394 2319 1615 2355 narrationi-

90 2366 159 2400 bus
181 2366 222 2400 bl
282 2365 330 2401 13
355 2362 481 2412 prope
497 2366 603 2411 ponit
627 2370 655 2399 E
694 2365 871 2410 proponit
906 2366 1071 2402 PHBO
1109 2367 1256 2413 reponit
1281 2369 1323 2403 H
1373 2370 1421 2404 14
1452 2372 1615 2408 rationes

91 2418 346 2454 honestandae
373 2419 607 2464 (honestandi
634 2421 685 2463 H)
726 2419 889 2454 studiose
917 2418 1136 2465 collegimus
1163 2421 1388 2467 (colligimus
1416 2425 1477 2469 H)
1513 2425 1614 2462 locu—

94 2472 214 2507 tiones
241 2470 453 2517 (locutionis
474 2475 513 2506 H
520 2472 563 2517 C)
577 2476 612 2506 M
644 2471 865 2507 elocutionis
886 2472 1100 2518 (locutionis
1120 2474 1173 2519 bl)
1198 2476 1362 2512 rationes
1382 2478 1613 2514 honestande

91 2524 256 2560 studiose
285 2525 505 2571 collegimus
533 2527 552 2561 b
592 2526 777 2560 orationes
804 2525 1060 2561 honestandae
1087 2528 1308 2563 elocutionis
1341 2531 1506 2566 studiose
1540 2534 1614 2567 col-

88 2579 248 2624 legimus
275 2578 500 2624 (colligimus
527 2580 607 2622 Z)lv
688 2578 736 2614 15
762 2577 925 2613 Herenni
952 2579 998 2626 si]
1027 2582 1134 2615 erant
1159 2581 1230 2616 nisi
1257 2583 1302 2617 H
1372 2584 1563 2629 diligentis
1587 2586 1617 2621 O

87 2632 288 2677 diligenter
313 2633 355 2667 bl
451 2634 489 2667 et
513 2632 754 2677 grauitatem]
782 2633 1054 2676 engrauitatem
1084 2635 1128 2668 H
1132 2635 1206 2669 PB
1305 2637 1353 2672 16
1379 2637 1418 2672 in
1451 2639 1611 2675 dicundo

86 2685 274 2731 Kayserus
304 2685 344 2719 in
364 2685 524 2720 secundo
551 2683 721 2719 HPHB
754 2685 815 2719 uel
835 2684 1020 2729 loquendo
1040 2687 1077 2721 in
1105 2689 1266 2724 secundo
1288 2690 1319 2725 Ο
1346 2689 1386 2724 in
1405 2690 1562 2727 dicendo
1582 2699 1610 2728 Ε

86 2737 237 2783 (habere
270 2738 407 2782 poteris
440 2740 478 2772 in
511 2738 667 2772 dicendo
700 2738 753 2783 b¹)
876 2739 922 2774 1?
959 2740 1122 2776 oratoria
1154 2742 1198 2775 H
1314 2744 1477 2788 loqueris
1508 2747 1610 2782 HBl

92 2791 142 2826 18
168 2791 351 2838 inuentio]
377 2791 541 2836 loquaris
568 2791 607 2826 Si
631 2802 718 2826 uero
744 2791 790 2826 H
924 2792 1097 2828 efferatur
1125 2794 1184 2830 ΟΕ
1223 2807 1300 2831 esse
1327 2799 1430 2832 ratur
1454 2799 1499 2833 H
1532 2812 1609 2836 esse

87 2847 217 2880 ratursi
243 2845 280 2879 B
315 2856 394 2880 esse
423 2846 589 2880 saturum
614 2845 650 2879 P
685 2846 782 2879 esset
807 2846 932 2880 satura
958 2848 998 2880 Π
1054 2847 1103 2882 19
1128 2848 1322 2897 instemus]
1349 2850 1550 2888 innitemur
1569 2856 1614 2890 H

88 2910 145 2932 res
173 2918 214 2923 —
243 2908 512 2942 consequamur
537 2909 592 2933 om
618 2898 676 2932 Η1
774 2899 898 2944 agitur
924 2901 962 2935 lv
1034 2931 1037 2933 .
