2003 3116
339 142 420 183 12ss
913 140 1277 174 PROLEGOMENA.

338 246 680 289 demonstrandis
721 245 904 300 scriptor
943 245 995 286 ad
1036 245 1132 287 Her.
1172 247 1306 288 multo
1347 246 1559 300 copiosior
1597 252 1661 290 est
1700 253 1741 291 et
1778 251 1857 292 lar-

337 318 431 374 gior
477 317 767 370 exemplorum
812 317 978 370 auctor,
1022 315 1065 356 in
1110 316 1350 371 praeceptis
1391 331 1497 372 quae
1538 317 1588 359 ad
1625 319 1732 361 uitia
1770 336 1857 363 non

337 390 533 444 spectant
566 387 701 429 multa
732 387 804 429 ille
838 387 996 430 omisit.
1048 387 1168 437 Quod
1201 388 1397 442 inprimis
1431 391 1609 443 apparet
1641 389 1685 431 in
1716 392 1857 446 ampla

334 459 410 500 illa
447 458 748 501 dissertatione
787 473 895 514 quae
935 460 1000 500 est
1037 457 1088 500 de
1127 459 1243 500 uitiis
1284 460 1675 515 argumentationis
1714 460 1757 501 ΙΙ
1790 463 1858 518 20,

336 530 521 585 sla-30,
542 530 597 571 47
627 544 721 572 cum
749 544 832 584 qua
858 529 969 572 conf.
989 528 1075 572 Cic.
1097 529 1117 571 I
1139 530 1207 584 42,
1230 531 1415 585 ”is—51,
1436 531 1502 574 96.
1543 530 1593 572 In
1620 546 1704 586 qua
1729 532 1858 588 longe

336 602 460 656 plura
485 603 709 656 poetarum
737 601 929 656 exempla
957 601 1142 656 scriptor
1169 589 1222 643 ad
1249 601 1347 643 Her.
1370 602 1517 643 attulit
1542 617 1670 658 quam
1697 602 1856 646 Cicero.

335 672 535 714 Thieleus
562 673 587 714 l.
610 688 641 714 s.
662 688 700 727 p.
722 673 789 715 86.
811 673 864 714 87
895 672 1130 714 arbitratur
1157 673 1410 727 scriptorem
1437 673 1490 715 ad
1510 672 1610 717 Her.
1630 673 1674 716 in
1700 673 1782 716 hac
1807 674 1857 715 de

334 744 454 785 uitiis
487 745 907 799 argumentationum
936 743 1227 799 disputatione
1254 744 1503 787 melioribus
1530 745 1593 785 uti
1619 745 1857 787 rationibus

335 830 461 869 quam
489 814 756 858 Ciceronem:
792 815 904 870 quod
933 828 1011 870 ego
1040 815 1210 870 quidem
1236 815 1329 856 fieri
1355 829 1476 871 nego.
1534 815 1703 858 Videsis
1731 831 1858 871 quam

336 886 612 928 manifestum
640 887 696 928 sit
723 888 858 929 totam
885 886 1002 927 illam
1030 886 1080 928 de
1110 887 1267 928 uitiosa
1293 887 1664 942 argumentatione
1695 888 1859 943 exposi-

335 958 496 999 tionem
530 973 554 1000 a
588 959 795 1013 scriptore
829 957 880 999 ad
914 957 1012 1000 Her.
1040 972 1090 999 ex
1129 957 1360 999 uetustiore
1398 957 1569 999 rhetore
1603 957 1765 1000 Latino'
1794 959 1862 1000 de-

336 1032 553 1084 sumptam
580 1044 684 1072 esse.
728 1028 857 1072 Cuius
884 1028 946 1070 rei
967 1029 1049 1070 tria
1071 1029 1175 1070 haec
1196 1028 1450 1084 proferenda
1472 1031 1570 1070 sunt
1591 1032 1864 1085 argumenta:

455 1101 649 1143 Primum
676 1103 770 1142 tota
797 1100 871 1142 illa
892 1100 1129 1154 disputatio
1156 1114 1251 1141 cum
1272 1100 1549 1142 antecedente
1570 1100 1861 1155 disputatione

339 1187 448 1226 quae
475 1175 540 1214 est
567 1173 616 1213 de
644 1171 1016 1228 argumentatione
1044 1185 1093 1212 ea
1116 1171 1344 1213 coniuncta
1365 1173 1430 1212 est
1458 1171 1712 1213 transitione
1732 1171 1774 1212 II
1794 1173 1862 1226 20,

334 1243 404 1297 31,
436 1257 543 1297 quae
577 1258 681 1285 sane
713 1244 773 1284 ita
804 1245 1003 1285 contorta
1036 1244 1077 1284 et
1116 1242 1374 1284 conturbata
1408 1244 1490 1297 est,
1528 1244 1575 1284 ut
1607 1256 1733 1298 aegre
1766 1257 1858 1285 cum

338 1314 689 1356 antecedentibus
723 1314 961 1369 praeceptis
995 1313 1133 1368 possit
1164 1313 1419 1368 consociari,
1453 1328 1547 1355 cum
1581 1314 1859 1368 sequentibus

335 1398 422 1426 non
447 1385 596 1440 possit.
649 1385 918 1441 Quamquam
950 1385 1032 1427 duo
1060 1399 1152 1427 esse
1185 1400 1279 1427 eum
1313 1385 1471 1426 scribat
1502 1399 1659 1440 genera
1686 1384 1861 1427 uitiosa-

336 1471 430 1498 rum
471 1457 892 1512 argumentationum
932 1459 974 1498 et
1017 1456 1272 1511 profiteatur
1305 1471 1395 1498 sese
1427 1456 1648 1512 utriusque
1693 1456 1860 1512 generis

338 1528 531 1582 exempla
564 1543 656 1570 esse
689 1529 998 1584 subiecturum,
1033 1528 1146 1583 quod
1178 1527 1331 1570 horum
1365 1541 1568 1582 generum
1600 1530 1753 1582 postea
1784 1542 1859 1570 nec

335 1599 597 1641 mentionem
636 1600 727 1641 fieri
771 1615 953 1655 usquam
997 1600 1190 1641 uidemus
1231 1614 1307 1641 nec
1348 1600 1541 1654 exempla
1578 1599 1779 1654 proferri,
1817 1599 1859 1640 id

334 1672 477 1724 potest
504 1671 817 1726 quodammodo
848 1671 1053 1726 explicari
1080 1672 1232 1713 lacuna
1260 1670 1336 1711 illa
1356 1669 1400 1711 ΙΙ
1421 1671 1489 1726 22,
1509 1671 1565 1712 34
1585 1672 1689 1712 extr.
1711 1672 1860 1712 coorta

334 1756 412 1784 nec
450 1744 564 1784 recte
605 1743 789 1784 editores
829 1758 879 1784 ea
917 1743 966 1784 de
1006 1758 1134 1785 causa
1172 1742 1284 1783 hunc
1323 1742 1464 1784 locum
1504 1744 1578 1783 aut
1616 1744 1754 1784 totum
1788 1745 1862 1783 aut

333 1814 501 1868 partem
528 1813 617 1855 eius
646 1814 904 1855 damnarunt
929 1816 976 1855 ut
1003 1814 1209 1868 spurium.
1256 1813 1369 1855 Nam
1396 1813 1590 1868 singulae
1617 1813 1857 1857 locutiones

334 1898 481 1926 omnes
509 1885 645 1926 ueluti
671 1886 923 1940 nuyatorius,
950 1885 1103 1939 indiyet
1126 1885 1446 1938 reprehensionis
1472 1885 1583 1926 aliae
1611 1885 1699 1926 stili
1729 1885 1860 1940 scrip-

333 1956 440 1997 toris
468 1956 654 1998 maxime
681 1957 878 2011 propriae
907 1958 1016 1997 sunt.
1069 1955 1150 1997 Sed
1182 1956 1226 1996 in
1260 1955 1318 1997 eis
1347 1971 1453 2010 quae
1487 1958 1686 1997 secuntur
1717 1956 1857 2010 biper-

334 2027 459 2068 titam
501 2027 619 2069 illam
665 2027 918 2069 diuisionem
962 2030 1036 2069 aut
1076 2042 1226 2081 parum
1269 2027 1421 2081 respici
1463 2030 1538 2068 aut
1578 2042 1663 2069 non
1705 2027 1859 2082 respici

334 2097 613 2140 manifestum
640 2101 714 2141 est.
760 2099 911 2153 Itaque
938 2113 1016 2140 nos
1047 2113 1095 2140 ex
1128 2099 1205 2139 illa
1236 2098 1491 2139 transitione
1523 2098 1629 2139 nihil
1662 2098 1746 2139 nisi
1777 2098 1858 2140 hoc

334 2169 634 2224 intellegemus
675 2171 720 2211 in
752 2171 986 2212 uetustiore
1028 2170 1102 2211 illa
1134 2169 1347 2211 rhetorica
1379 2169 1535 2211 Latina
1567 2169 1694 2210 aliam
1725 2169 1858 2210 fuisse

337 2240 542 2282 uitiorum
570 2243 614 2282 et
641 2242 931 2296 exemplorum
960 2240 1284 2296 dispositionem
1313 2255 1439 2295 quam
1476 2241 1549 2282 illa
1583 2242 1647 2282 est
1680 2255 1787 2295 quae
1814 2240 1858 2280 in

334 2311 456 2352 libris
490 2312 543 2353 ad
575 2311 675 2354 Her.
701 2313 727 2354 l.
755 2327 784 2353 s.
813 2315 965 2354 exstat.

454 2382 620 2424 Deinde
647 2398 905 2438 quamquam
934 2382 1020 2423 scio
1055 2383 1305 2437 scriptorem
1334 2382 1508 2424 eandem
1536 2397 1624 2423 rem
1651 2382 1734 2423 alio
1763 2383 1855 2425 loco

335 2453 471 2494 dicere
516 2453 794 2508 abscisionem,
840 2453 925 2495 alio
957 2453 1270 2508 praecisionem,
1315 2453 1492 2495 eandem
1532 2453 1615 2495 alio
1655 2454 1749 2495 loco
1789 2468 1855 2495 (w-

333 2525 651 2580 superationem,
688 2526 773 2568 alio
811 2525 1142 2579 superlationem,
1185 2526 1327 2565 tamen
1366 2525 1599 2579 permirum
1639 2526 1705 2566 est
1742 2524 1855 2578 quod

335 2596 406 2637 ille
451 2610 542 2650 cap.
585 2597 636 2638 18
688 2595 1076 2651 argumentationis
1120 2597 1263 2650 partes
1303 2593 1342 2636 V
1389 2595 1576 2649 appellat
1618 2595 1854 2647 propositio,

334 2667 452 2721 ratio,
486 2668 662 2709 rationis
693 2667 961 2721 confirmatio,
992 2667 1216 2721 exornatio,
1247 2666 1478 2720 complexio,
1509 2665 1606 2706 inde
1633 2680 1656 2706 a
1684 2679 1772 2719 cap.
1798 2666 1855 2706 20

335 2752 409 2789 pro
440 2738 668 2791 propositio
708 2752 875 2793 semper
915 2738 1059 2792 posuit
1096 2737 1308 2791 expositio,
1352 2751 1446 2778 cum
1486 2736 1672 2789 reliquae
1709 2738 1852 2790 partes

335 2807 467 2848 isdem
493 2809 734 2850 nominibus
763 2809 1041 2863 appellentur.
1092 2807 1214 2857 Quod
1242 2822 1290 2849 eo
1318 2807 1491 2862 grauius
1525 2806 1605 2847 erit
1631 2819 1853 2861 argumen-

333 2879 442 2933 tum,
479 2879 590 2933 quod
626 2880 671 2920 in
708 2879 882 2933 reliquis
921 2879 1116 2934 partibus
1156 2878 1297 2933 operis
1336 2878 1594 2920 uocabulum
1639 2878 1851 2933 expositio
