2003 3116
346 143 430 185 324
871 141 936 172 AD
964 140 1002 172 C.
1028 139 1314 172 HERENNIUM

347 266 450 306 quae
500 250 639 304 lepida
691 251 733 289 et
783 248 1010 302 concinna,
1061 248 1143 289 cito
1195 248 1392 290 satietate
1440 246 1642 288 adficiunt
1689 248 1853 289 aurium

345 335 515 362 sensum
555 318 962 361 fastidiosissimum.
1038 317 1259 367 Quomodo
1304 318 1461 373 igitur,
1511 318 1547 359 si
1596 317 1741 360 crebro
1786 318 1853 360 his

343 391 571 447 generibus
603 393 782 444 utemur,
814 389 969 445 puerili
1000 389 1195 431 uidemur
1227 389 1465 431 elocutione
1495 388 1709 444 delectari,
1740 389 1855 442 item,

343 464 377 505 si
408 478 505 506 raro
538 462 840 505 interseremus
872 460 951 503 has
984 461 1280 503 exornationes
1314 463 1357 502 et
1387 460 1432 501 in
1464 474 1593 502 causa
1621 462 1714 502 tota
1739 461 1854 502 uarie

341 534 653 590 dispergemus,
710 533 929 576 commode
981 532 1215 575 luminibus
1267 531 1481 574 distinctis
1530 531 1853 574 inlustrabimus
1892 544 1907 568 5

341 606 587 648 orationem.

282 688 324 718 33
458 676 720 719 Subiectio
750 679 825 731 est,
852 690 947 718 cum
974 676 1290 730 interrogamus
1312 674 1580 716 aduersarios
1601 676 1674 716 aut
1694 675 1855 730 quaeri-

339 765 431 791 mus
476 748 576 803 ipsi,
622 748 722 804 quid
767 748 820 789 ab
865 747 952 789 illis
999 749 1072 788 aut
1123 746 1224 802 quid
1269 748 1416 788 contra
1459 761 1537 788 nos
1581 745 1665 788 dici
1707 747 1856 801 possit,

339 821 435 862 dein
480 820 714 862 subicimus
755 819 815 874 id,
860 819 972 874 quod
1011 820 1181 873 oportet
1221 817 1302 859 dici
1341 819 1415 859 aut
1451 832 1537 860 non
1575 819 1744 873 oportet
1782 821 1855 860 aut

337 892 461 933 nobis
508 891 752 933 adiumento
796 890 988 932 futurum
1034 889 1091 931 sit
1136 892 1209 931 aut
1253 889 1485 931 offuturum
1531 890 1586 931 sit
1630 890 1853 944 contrario,

336 962 417 1005 hoc
450 963 592 1005 modo:

514 1033 703 1083 ‘Quaero
742 1033 894 1089 igitur,
932 1032 1044 1074 unde
1083 1033 1164 1074 iste
1202 1035 1292 1074 tam
1329 1033 1582 1087 pecuniosus
1615 1032 1754 1074 factus
1787 1033 1855 1075 sit.

400 1106 604 1161 Ampium
629 1105 937 1160 patrimonium
966 1104 1160 1146 relictum
1189 1103 1282 1146 est‘?
1333 1104 1392 1145 At
1417 1103 1552 1159 patris
1578 1104 1691 1146 bona
1716 1105 1854 1146 uenie-

396 1181 506 1219 runt.
555 1176 784 1219 Hereditas
819 1176 962 1231 aliqua
988 1174 1137 1216 uenit?
1188 1172 1287 1216 Non
1318 1176 1463 1230 potest
1495 1175 1589 1230 dici,
1621 1175 1694 1217 sed
1726 1176 1854 1217 etiam

396 1265 420 1291 a
463 1248 714 1291 necessariis
761 1247 959 1288 omnibus
1001 1245 1316 1289 exhereditatus
1357 1248 1432 1288 est.
1500 1245 1743 1290 Praemium
1781 1247 1856 1289 ali·
1895 1257 1910 1280 f»

396 1321 508 1377 quod
547 1335 597 1362 ex
634 1320 709 1361 lite
750 1320 824 1360 aut
861 1318 1016 1360 iudicio
1058 1317 1198 1372 cepit?
1260 1316 1360 1359 Non
1393 1317 1519 1360 modo
1551 1318 1593 1359 id
1627 1333 1713 1360 non
1745 1318 1856 1372 fecit,

397 1392 470 1434 sed
504 1392 635 1434 etiam
667 1391 840 1445 insuper
873 1390 966 1444 ipse
996 1389 1148 1445 grandi
1176 1389 1408 1444 sponsione
1436 1390 1574 1431 uictus
1602 1393 1675 1431 est.
1726 1390 1856 1446 Ergo,

398 1465 432 1506 si
463 1464 531 1505 his
563 1462 804 1504 rationibus
837 1461 1122 1516 locupletatus
1155 1475 1240 1502 non
1273 1464 1349 1517 est,
1382 1461 1491 1503 sicut
1517 1475 1662 1504 omnes
1690 1461 1856 1516 uidetis,

399 1538 472 1578 aut
510 1535 582 1577 isti
622 1532 736 1576 domi
773 1533 965 1575 nascitur
1006 1547 1155 1575 aurum
1195 1533 1286 1587 aut,
1324 1532 1435 1575 unde
1467 1548 1552 1575 non
1585 1534 1649 1574 est
1680 1532 1856 1588 licitum7

397 1607 600 1663 pecunias
634 1604 773 1661 cepit.'

270 1678 323 1718 524
340 1679 470 1721 Item:
522 1677 697 1733 ‘Saepe‚
741 1677 918 1732 iudices,
963 1676 1154 1718 animum
1201 1676 1367 1718 aduerti
1412 1677 1569 1718 multos
1615 1675 1756 1731 aliqua
1806 1690 1854 1716 ex

397 1751 579 1792 honesta
621 1763 685 1804 re,
731 1763 857 1803 quam
899 1762 952 1789 ne
994 1746 1157 1790 inimici
1202 1747 1374 1802 quidem
1418 1747 1633 1789 criminari
1676 1746 1855 1801 possint,

459 1891 477 1926 7
506 1890 693 1926 Subiectio
720 1889 804 1924 uide
829 1889 878 1924 ad
898 1901 931 1933 p.
955 1892 1033 1932 312,
1049 1892 1070 1922 4
1143 1887 1189 1922 21
1217 1887 1407 1923 Demosth.
1436 1890 1563 1924 eontra
1589 1888 1746 1933 Aristog.
1775 1887 1790 1921 I
1812 1891 1853 1922 70

458 2022 479 2056 1
512 2022 635 2066 lepida
682 2020 782 2056 ΜΒ2
832 2019 973 2065 lepides
1011 2019 1052 2053 Η
1097 2018 1232 2063 lepidis
1265 2019 1301 2053 P
1346 2019 1489 2064 lepidas
1522 2019 1557 2053 Β
1606 2018 1733 2064 lepida
1770 2019 1854 2054 sunt

341 2075 436 2109 1²21]
447 2074 503 2110 Cd
584 2073 784 2109 concinnae
811 2073 856 2108 H
877 2072 1032 2108 concina
1059 2073 1089 2107 O
1183 2072 1257 2108 cito
1283 2073 1363 2108 PH
1371 2073 1430 2108 GE
1458 2072 1512 2107 ita
1536 2073 1582 2108 H
1602 2074 1641 2107 to
1666 2072 1702 2107 B
1776 2072 1854 2106 affi-

340 2129 441 2163 ciunt
464 2132 492 2161 E
596 2128 619 2162 2
647 2139 733 2172 ergo
760 2128 779 2162 b
884 2127 1010 2162 crebre
1036 2126 1079 2160 H
1186 2126 1209 2160 3
1236 2125 1445 2161 uidebimur
1469 2130 1496 2160 Ε
1605 2126 1695 2161 item
1723 2125 1857 2161 HP²0

338 2181 392 2215 ita
419 2182 469 2216 Ρ1
491 2182 732 2227 probabiliter
758 2182 831 2226 (em
856 2182 897 2215 in
921 2182 997 2225 ras)
1024 2180 1135 2214 HBE
1239 2178 1263 2214 4
1295 2180 1393 2214 inter
1425 2192 1584 2216 sei-emus
1611 2180 1656 2214 H
1752 2190 1853 2215 exor-

338 2236 508 2270 nationes
535 2236 603 2270 has
627 2239 654 2268 E
800 2244 912 2269 causa
939 2235 1040 2278 (casa
1066 2234 1137 2278 Hl)
1168 2234 1252 2268 tuta
1278 2234 1445 2268 HPHB
1471 2245 1581 2269 causa
1605 2235 1686 2269 tota
1714 2234 1744 2270 Ο
1774 2234 1855 2269 tota

339 2299 450 2323 causa
475 2293 502 2321 Ε
585 2289 607 2324 5
635 2288 891 2333 dispargemus
917 2291 952 2320 M
1030 2287 1307 2322 inlustrabimus
1341 2287 1456 2322 HBC'
1476 2287 1756 2323 iniusti-eruimus
1776 2288 1858 2323 ΗΡ

338 2353 607 2389 illustrabimus
633 2358 660 2387 E
786 2354 810 2388 ss
837 2357 921 2398 post
953 2352 1158 2388 orationem
1190 2352 1264 2387 aad
1303 2352 1359 2386 H:
1400 2351 1648 2388 sussisscTio
1686 2353 1749 2388 UT
1789 2344 1855 2387 DE

338 2419 471 2453 NIHIL
498 2418 760 2454 MEDIOORIS
794 2407 960 2459 UIDE'T'3
998 2417 1089 2452 PB:
1123 2416 1376 2452 SUBIECTIO
1416 2418 1478 2453 UT
1516 2407 1643 2453 DICIT
1669 2418 1743 2453 UIS
1770 2417 1855 2452 ME-

340 2472 530 2509 DIOCRIS
563 2472 698 2508 NIHIL
739 2471 955 2507 UIDETUR
986 2472 1071 2506 latet
1102 2481 1230 2506 nomen
1259 2472 1410 2507 rhetoris
1447 2473 1551 2517 quale
1581 2476 1632 2508 est
1663 2474 1719 2516 (ut
1750 2471 1853 2516 dicit)

338 2526 493 2562 Iunilius
555 2526 578 2561 8
604 2526 670 2561 aut
695 2525 800 2572 quid]
829 2526 893 2560 aut
914 2524 977 2569 qui
996 2525 1031 2559 Β
1069 2525 1133 2559 aut
1152 2525 1209 2559 H1
1229 2536 1250 2559 a
1271 2524 1376 2559 nobis
1397 2527 1460 2560 aut
1480 2525 1569 2570 quid
1590 2526 1609 2560 b
1677 2526 1700 2561 9
1720 2525 1852 2560 deinde

339 2581 399 2615 OE
498 2580 578 2626 aut]
605 2579 655 2614 At
680 2580 704 2614 d
813 2579 960 2623 oportet
984 2582 1019 2612 M
1057 2579 1180 2623 potest
1207 2582 1234 2612 Ἐ
1358 2579 1437 2625 aut]
1464 2581 1504 2614 ut
1530 2580 1555 2615 d
1613 2623 1616 2627 ι
1675 2579 1723 2614 10
1749 2578 1851 2613 adiu>

338 2636 450 2670 uento
477 2635 527 2670 ,Ρ1
567 2635 633 2669 aut
657 2634 822 2668 iumento
852 2633 895 2667 0¹
1009 2632 1084 2666 illis
1112 2632 1325 2667 obfuturum
1351 2632 1375 2668 d
1495 2632 1563 2678 sit]
1591 2632 1619 2666 si
1647 2631 1745 2667 idem
1771 2632 1856 2666 HI)

339 2689 387 2723 sit
413 2687 444 2722 si
469 2687 508 2722 id
534 2689 591 2722 est
617 2687 653 2722 Β
691 2686 745 2721 Sit
772 2687 815 2720 de
842 2687 881 2720 H
918 2696 935 2719 e
963 2684 1082 2720 P2C'E
1146 2685 1194 2720 12
1222 2697 1307 2730 crgo
1336 2686 1355 2720 b
1433 2685 1482 2720 sit
1506 2686 1627 2720 factus
1651 2689 1678 2718 Ε
1739 2685 1785 2719 13
1806 2685 1852 2720 ad

339 2742 422 2776 ΗΡ
444 2753 491 2776 an
520 2741 550 2776 Ο
606 2741 788 2775 uenerunt
814 2740 855 2773 H
914 2738 962 2774 14
989 2738 1140 2774 obuenit
1166 2740 1206 2773 bl
1277 2738 1324 2773 15
1352 2739 1521 2774 omnibus
1547 2749 1602 2773 om
1628 2738 1640 2772 Z
1707 2738 1853 2772 exhere-

339 2795 476 2829 ditatus
503 2793 626 2829 ΗΡΘ
661 2792 904 2828 exheredatus
930 2793 1042 2826 HBE
1165 2792 1213 2826 16
1245 2803 1317 2827 non
1349 2791 1387 2826 id
1423 2791 1453 2827 0
1569 2790 1614 2825 17
1641 2790 1720 2835 ipse
1747 2802 1802 2826 om
1825 2796 1852 2825 E

339 2847 484 2881 uinctus
513 2847 573 2882 OE
697 2846 743 2880 18
769 2845 813 2890 si]
839 2846 877 2879 in
903 2846 915 2880 Z
1036 2845 1084 2880 20
1118 2846 1262 2890 accepit
1285 2851 1312 2879 E
1434 2845 1479 2880 21
1514 2843 1676 2879 animum
1709 2845 1854 2880 aduerti

340 2899 473 2944 (auerti
498 2900 600 2944 H>m
640 2898 885 2933 animaduerti
909 2902 936 2931 E
