2003 3116
330 125 413 166 128
904 121 1268 155 I‘ROLEGOMENA.

327 234 421 274 loco
455 232 505 272 de
539 245 596 272 or.
623 230 643 270 I
670 231 714 282 2,
741 230 767 270 5
806 229 878 269 ubi
918 228 1048 269 tradit
1086 227 1219 268 libros
1258 227 1307 267 de
1344 226 1430 268 inu.
1463 242 1486 267 a
1526 241 1570 268 se
1607 241 1737 280 puero
1778 227 1844 268 uel

328 300 645 344 adulescentulo
691 298 952 353 compositos
1001 312 1092 339 esse
1137 311 1286 352 parum
1336 298 1451 338 recte
1501 298 1693 338 locutum
1743 312 1846 352 esse,

327 372 475 414 deinde
495 396 543 400 —
562 371 675 425 quod
697 372 999 425 argumentum
1020 369 1211 411 omnium
1233 370 1298 410 est
1317 367 1619 423 grauissimum
1640 392 1695 398 —
1714 368 1845 410 uelim

328 444 544 497 exponant
582 441 655 497 qui
692 440 854 483 factum
894 441 952 482 sit
990 443 1038 482 ut
1071 439 1218 483 Cicero
1256 454 1351 481 cum
1389 439 1524 481 libros
1564 439 1617 480 ad
1648 438 1750 481 Her.
1782 454 1847 481 ex-

328 514 552 568 scriberet,
591 513 736 554 omnia
771 512 848 554 illa
886 512 1081 566 exempla
1113 525 1219 565 quae
1259 512 1302 552 et
1334 510 1386 551 ad
1424 510 1585 551 bellum
1618 509 1850 552 Marsicum

327 588 370 626 et
402 585 454 626 ad
486 583 729 626 Marianum
767 583 988 639 pertinent
1021 582 1213 624 omiserit
1244 595 1378 636 neque
1410 581 1543 623 ullam
1575 596 1664 623 rem
1696 596 1850 636 passus

329 657 385 697 sit
422 656 607 698 inueniri
645 656 689 696 in
727 655 814 696 suis
852 654 976 695 libris
1015 655 1182 709 gestam
1221 655 1319 707 post
1358 667 1518 694 annum
1549 652 1635 694 fere
1675 651 1852 695 662l92:

329 727 440 782 quod
480 742 579 769 casu
623 726 783 768 factum
830 740 922 767 esse
966 739 1090 780 nego.
1152 724 1376 765 Postremo
1419 724 1490 765 uel
1535 738 1667 765 unum
1708 723 1849 765 10011111

329 799 638 852 demonstrent,
671 812 754 852 quo
788 796 935 839 Cicero
968 796 1102 837 libros
1136 796 1188 837 ad
1214 794 1316 836 Her.
1343 795 1491 837 eodem
1519 794 1643 836 modo
1671 794 1851 848 exscrip-

330 870 435 911 serit
466 885 549 924 quo
583 868 756 911 Solinus
783 868 969 909 Plinium
1001 866 1071 910 uel
1096 866 1341 908 Macrobius
1370 865 1567 921 Gellium,
1599 880 1681 920 quo
1714 865 1853 920 possit

331 941 456 983 bonis
497 941 666 982 ostendi
704 939 986 996 argumentis,
1027 954 1112 981 non
1150 941 1376 994 utrumque
1414 938 1607 980 hausisse
1647 952 1697 978 ex
1735 937 1856 978 fonte

330 1012 566 1067 communi,
600 1012 673 1054 sed
705 1012 888 1054 alterum
921 1011 1098 1052 alterius
1129 1010 1293 1052 riuulos
1326 1010 1370 1051 in
1403 1024 1526 1051 suum
1558 1024 1634 1064 per
1663 1008 1855 1050 fraudem

329 1084 551 1125 deduxisse
595 1098 805 1138 campum.
867 1081 1003 1131 Quam
1037 1081 1210 1123 difficile
1241 1096 1343 1123 uero
1376 1081 1431 1122 sit
1462 1080 1507 1121 111
1539 1080 1718 1135 singulis
1750 1080 1855 1121 locis

331 1155 562 1196 diiudicare
599 1157 744 1196 utrum
781 1155 864 1196 hoc
905 1154 958 1195 ab
996 1154 1072 1194 illo
1107 1168 1162 1194 an
1194 1153 1299 1194 illud
1338 1153 1391 1194 ab
1423 1152 1504 1193 hoc
1545 1152 1765 1193 enuntiato
1800 1151 1856 1191 sit

331 1227 592 1280 descriptum
632 1226 873 1280 exemplum
913 1240 1043 1266 unum
1076 1239 1328 1279 proponam.
1391 1223 1458 1264 Ad
1490 1222 1590 1265 Her.
1616 1222 1678 1263 IV
1705 1222 1774 1276 25,
1801 1222 1856 1263 35

331 1298 489 1353 legitur
515 1297 561 1338 in
589 1297 848 1338 definitionis
875 1296 1133 1350 praeceptis:
1161 1294 1187 1335 ⁹.
1208 1329 1216 1336 .
1237 1329 1245 1337 .
1267 1294 1474 1337 fortitudo
1503 1296 1567 1336 est
1594 1294 1856 1348 contemptio

332 1369 491 1411 laboris
531 1371 575 1410 et
617 1368 796 1423 periculi
841 1382 936 1409 cum
979 1367 1147 1409 ratione
1185 1365 1387 1408 utilitatis
1426 1367 1468 1407 et
1509 1365 1857 1421 compensatione

332 1440 675 1494 commodorum,
710 1439 931 1480 temeritas
965 1440 1030 1480 est
1062 1453 1155 1480 cum
1189 1437 1505 1479 inconsiderata
1537 1436 1732 1478 dolorum
1763 1451 1858 1491 per-

332 1511 529 1566 pessione
563 1510 823 1567 gladiatoria
854 1508 1143 1564 periculorum
1171 1507 1400 1563 susceptio’
1434 1508 1553 1550 cuius
1586 1508 1671 1550 loci
1703 1507 1857 1549 similis

333 1586 398 1624 est
437 1583 511 1624 ille
552 1581 619 1624 III
653 1582 698 1635 3,
726 1582 751 1623 6
779 1584 883 1622 extr.
945 1580 1006 1622 At
1042 1579 1107 1621 III
1139 1581 1184 1634 2,
1211 1581 1237 1622 3
1282 1579 1489 1621 fortitudo
1535 1580 1595 1621 sic
1639 1578 1858 1620 definitur:

334 1652 577 1694 ‘Fortitudo
611 1655 677 1694 est
702 1667 842 1694 rerum
870 1666 1127 1707 magnarum
1156 1651 1364 1706 appetitio
1398 1653 1440 1692 et
1466 1665 1606 1692 rerum
1633 1649 1859 1691 humilium

334 1724 597 1778 contemptio
638 1727 681 1765 et
718 1723 878 1765 laboris
911 1738 1006 1765 cum
1045 1723 1247 1764 utilitatis
1280 1723 1447 1764 ratione
1480 1720 1724 1776 susceptio.²
1786 1721 1859 1762 At-

334 1795 478 1835 tamen
512 1794 587 1835 illa
615 1794 871 1835 temeritatis
899 1794 1091 1835 definitio
1120 1794 1303 1835 conficta
1335 1808 1426 1835 esse
1458 1793 1626 1834 uidetur
1658 1792 1711 1833 ad
1743 1792 1859 1833 forti-

334 1864 496 1906 tudinis
543 1865 836 1907 definitionem
882 1879 972 1906 eam
1021 1879 1128 1919 quae
1167 1865 1212 1905 in
1251 1864 1373 1905 libris
1413 1864 1465 1905 ad
1505 1864 1604 1905 Her.
1638 1878 1860 1918 nusquam,

335 1935 407 1976 sed
439 1935 485 1976 in
516 1935 559 1976 II
593 1936 642 1977 de
674 1937 758 1978 inu.
786 1936 854 1991 54,
884 1936 966 1977 163
999 1936 1175 1990 legitur:
1220 1935 1462 1977 eFortitudo
1496 1937 1562 1976 est
1594 1934 1861 1976 considerata

335 2006 620 2061 periculorum
660 2008 874 2062 susceptio
909 2010 951 2049 et
988 2007 1185 2049 laborum
1232 2005 1475 2061 perpessio?
1537 2005 1687 2059 Neque
1719 2007 1860 2045 tamen

336 2079 561 2133 quisquam
589 2079 723 2120 libros
750 2079 802 2120 ad
829 2078 931 2120 Her.
958 2093 1008 2119 ex
1036 2077 1250 2120 Ciceronis
1279 2078 1400 2119 libris
1434 2077 1485 2118 de
1512 2077 1597 2118 inu.
1624 2076 1860 2130 descriptos

337 2164 428 2191 esse
461 2150 670 2192 iudicabit
702 2164 810 2205 quae
843 2151 936 2191 erat
969 2149 1183 2190 sententia
1214 2149 1501 2190 uetustiorum
1532 2147 1704 2189 illorum
1731 2147 1862 2188 edito-

337 2236 430 2262 rum
457 2221 592 2262 ueluti
619 2220 861 2261 Burmanni
889 2220 985 2261 edit.
1008 2220 1140 2275 praef.
1168 2235 1206 2274 p.
1227 2218 1388 2261 XXIII.
1438 2218 1574 2267 Quam
1603 2219 1859 2259 sententiam

336 2306 460 2333 nemo
487 2291 648 2346 poterit
675 2291 898 2332 defendere
926 2291 997 2345 qui
1023 2291 1092 2331 uel
1119 2290 1223 2331 illud
1250 2292 1378 2344 caput
1406 2289 1455 2330 de
1488 2289 1605 2330 uitiis
1637 2303 1862 2344 argumen-

338 2363 553 2404 tationum
592 2363 635 2403 in
670 2364 852 2415 utroque
891 2376 1017 2415 opere
1058 2361 1247 2415 positum
1286 2362 1482 2402 accurate
1522 2359 1862 2414 pertractauerit.

457 2433 548 2474 Alii
591 2433 728 2474 ueluti
761 2432 1015 2473 Weidnerus
1060 2432 1104 2472 in
1141 2431 1274 2486 praef.
1308 2431 1406 2472 edit.
1439 2431 1649 2472 librorum
1689 2429 1739 2471 de
1777 2429 1862 2471 inu.

340 2507 553 2560 negarunt
583 2504 716 2546 libros
749 2504 799 2544 (10
831 2504 917 2545 11111.
951 2518 1001 2544 ex
1032 2502 1247 2544 rhetorica
1279 2501 1332 2543 ad
1359 2502 1457 2544 Her.
1489 2501 1726 2556 descriptos
1759 2515 1864 2554 esse,

341 2576 460 2618 cuius
492 2576 536 2617 in
567 2576 649 2617 hac
680 2590 725 2616 re
758 2574 959 2616 iudicium
992 2575 1143 2629 probo,
1174 2574 1385 2615 rationein
1419 2575 1462 2614 et
1493 2574 1747 2627 argumenta
1776 2586 1863 2612 non

341 2647 489 2700 probo.
554 2646 742 2696 Quorum
781 2646 823 2687 111
855 2660 1032 2687 1111111010
1072 2645 1289 2686 Handtius
1322 2648 1388 2686 est
1424 2644 1496 2699 qui
1534 2644 1578 2684 in
1609 2642 1780 2684 Erschii
1823 2645 1865 2682 et

343 2716 525 2757 Gruberi
565 2716 873 2771 onomatologo
906 2716 989 2758 uol.
1021 2715 1147 2757 XVII
1179 2731 1217 2769 p.
1245 2716 1329 2757 208
1369 2717 1515 2757 censet
1546 2715 1636 2755 fieri
1669 2713 1862 2767 potuisse

343 2789 390 2825 ut
422 2789 463 2826 et
495 2785 646 2828 Cicero
679 2790 722 2828 et
755 2787 939 2841 scriptor
971 2786 1024 2827 ad
1055 2786 1154 2829 Her.
1187 2786 1376 2827 eiusdem
1408 2784 1591 2827 rhetoris
1626 2784 1769 2824 Latini
1801 2784 1863 2824 in—

345 2857 568 2898 stitutione
602 2861 644 2899 et
676 2859 943 2900 sermonibus
977 2858 1042 2898 usi
1075 2872 1174 2899 suos
1205 2857 1338 2898 libros
1371 2855 1737 2898 elucubrauerint:
1775 2855 1860 2895 iam
