2003 3116
364 151 419 192 32
939 146 1305 179 PROLEGOMENA.

362 259 490 299 sciam
537 256 641 297 talia
687 254 838 295 menda
883 253 1007 293 aliter
1051 252 1254 306 explicari
1300 252 1434 292 solere
1480 253 1623 292 tamen
1669 251 1729 292 eis
1771 265 1878 305 quae

362 328 487 369 modo
522 326 698 380 exposui
732 326 973 366 commotus
1006 322 1068 364 IV
1094 322 1170 377 25,
1191 321 1247 363 35
1280 322 1391 376 quod
1424 328 1470 363 M
1502 322 1653 363 habuit
1685 337 1762 376 pro
1787 335 1880 374 per-

351 399 556 451 pessione:
586 396 871 449 perpensione,
903 395 972 449 49,
993 394 1048 436 62
1081 393 1340 435 recentiores
1375 407 1452 447 pro
1491 394 1716 446 depressus:
1748 393 1880 446 depre-

356 470 502 510 hensus
534 482 585 508 ex
617 466 840 522 scripturis
875 463 1111 519 perpesione
1148 461 1341 518 (lepresus
1372 466 1522 506 natum
1555 479 1646 505 esse
1680 464 1881 505 arbitrari

356 540 489 580 malo:
534 538 680 579 eodem
718 537 844 579 modo
885 536 1186 591 explicauerim
1226 536 1339 590 quod
1376 535 1418 576 ΙΙ
1457 536 1525 589 30,
1552 536 1606 576 48
1645 541 1690 575 Μ
1727 534 1879 576 habuit

357 625 433 665 pro
466 613 539 652 aut
569 613 768 651 erratum:
800 611 1093 650 autteramtmn
1124 610 1231 649 teste
1264 606 1316 649 H.
1385 606 1467 648 Sed
1498 606 1604 647 haec
1636 607 1685 647 de
1720 606 1881 647 sicilico

358 681 542 736 suspicio
579 681 760 723 incerta:
788 679 892 721 illud
926 682 1088 721 certum
1122 681 1185 720 est
1217 679 1258 719 in
1294 677 1525 733 archetypo
1559 677 1881 719 semiuocalium

359 752 696 808 geminationem
730 765 855 805 saepe
888 750 1018 800 fluisse
1051 750 1305 805 neglectam.

478 823 580 866 Cod.
612 829 657 865 M
690 822 1036 878 apographorum
1070 836 1174 863 aeuo
1208 821 1460 876 Karolingio
1498 820 1709 861 factorum
1743 820 1881 860 exsta«

359 897 434 938 bat
466 909 649 950 magnus
682 909 884 936 numerus
918 894 1087 935 etiamsi
1116 894 1150 934 si
1179 893 1273 948 quis
1302 893 1426 945 sicuti
1454 891 1599 946 Lupus
1625 891 1699 932 ille
1726 904 1882 945 cogno-

360 982 475 1009 scere
515 966 716 1022 cupiebat
747 965 879 1006 Tullii
917 965 1051 1006 libros
1092 964 1145 1005 ad
1179 964 1278 1006 Her.
1309 964 1515 1005 librorum
1555 962 1805 1004 mutilorum
1842 964 1884 1002 et

363 1039 664 1081 mendosorum
709 1051 839 1091 opera
885 1050 991 1078 saec.
1024 1035 1086 1076 IX
1118 1036 1185 1076 uel
1219 1034 1276 1089 X,
1321 1049 1420 1076 mox
1465 1033 1711 1088 inueniebat
1754 1033 1883 1074 alium

361 1111 446 1153 alio
479 1110 727 1165 nequiorem
756 1111 798 1149 et
823 1110 936 1150 certe
972 1107 1186 1149 abiciebat
1217 1106 1374 1148 librum
1409 1094 1651 1160 corruptum
1685 1104 1883 1158 plurimis

360 1183 466 1224 locis
506 1183 577 1237 qui
623 1180 796 1223 omnino
841 1177 1035 1234 intellegi
1082 1178 1288 1232 nequiret.
1352 1177 1416 1218 Ad
1453 1176 1627 1218 eandem
1675 1175 1884 1216 familiam

362 1253 479 1295 codd.
514 1252 732 1308 pertinent
763 1250 880 1292 codd.
910 1249 1146 1305 Gryphiani
1173 1248 1208 1289 B
1243 1252 1286 1290 et
1311 1247 1344 1290 C
1378 1263 1483 1303 quos
1511 1247 1693 1289 Michael
1726 1247 1883 1288 Brutus

360 1326 404 1366 in
437 1325 535 1365 edit.
568 1321 843 1378 Lugdunensi
876 1336 911 1362 a.
948 1321 1060 1362 1570
1100 1321 1297 1362 adhibuit
1334 1320 1451 1361 cuius
1495 1318 1885 1360 animaduersiones

359 1396 636 1437 inueniuntur
678 1393 888 1448 repetitae
932 1393 976 1433 in
1021 1391 1341 1433 Burmanniana
1379 1406 1413 1432 a.
1450 1390 1560 1432 1761
1594 1405 1633 1444 p.
1660 1390 1746 1431 485
1773 1403 1888 1443 seqq.

351 1468 467 1517 Quos
500 1467 541 1508 H
574 1465 709 1508 codici
743 1463 893 1505 affines
926 1462 1097 1517 quidem
1130 1462 1262 1503 fuisse
1303 1461 1398 1503 inde
1431 1461 1726 1516 cognoscitur,
1763 1460 1875 1515 quod

350 1538 385 1579 B
419 1537 735 1579 uetustissimus
768 1535 789 1576 I
822 1535 937 1590 6,1Ο
968 1549 1045 1590 pro
1077 1534 1266 1588 ambiano
1302 1533 1456 1574 habuit
1486 1533 1621 1574 abiem
1653 1532 1764 1574 sicut
1794 1532 1877 1585 ille,

351 1608 384 1650 O
416 1609 569 1652 abiecta
600 1622 736 1662 neque
769 1610 915 1648 tamen
948 1607 1021 1647 illo
1056 1606 1252 1647 meliores
1286 1604 1399 1659 quod
1432 1604 1475 1644 in
1509 1618 1634 1645 uersu
1665 1604 1807 1644 Plauti
1834 1602 1875 1644 11

352 1681 420 1735 23,
441 1680 496 1722 35
529 1679 748 1721 habebant
779 1678 1012 1732 commissa,
1051 1677 1148 1718 aliis
1186 1676 1291 1718 locis
1324 1676 1459 1717 ueluti
1492 1676 1560 1730 22,
1581 1676 1637 1717 34
1668 1674 1876 1729 nequissi-

352 1766 443 1792 mas
482 1750 849 1805 interpolationes.
910 1748 1032 1790 Alios
1073 1747 1263 1790 eiusdem
1307 1747 1456 1789 classis
1501 1747 1618 1788 codd.
1657 1748 1878 1787 enumerat

353 1822 571 1878 Kayserus
611 1821 710 1863 edit.
743 1836 783 1875 p.
809 1820 947 1862 XXV.
1004 1819 1343 1874 Antiquissimus
1383 1819 1573 1860 omnium
1613 1820 1679 1859 est
1716 1817 1805 1859 cod.
1837 1815 1877 1857 H

353 1893 396 1933 in
428 1892 731 1948 Langobardia
764 1892 949 1945 scriptus
982 1893 1031 1932 ut
1072 1890 1241 1932 uidetur
1274 1904 1381 1944 quae
1414 1890 1556 1944 patria
1587 1889 1797 1931 librorum
1829 1888 1878 1929 de

354 1964 576 2006 rhetoricis
609 1963 904 2005 Tullianorum
944 1962 1074 2003 fuisse
1113 1962 1305 2016 putanda
1343 1963 1419 2003 est.
1469 1960 1572 2002 Veri
1611 1960 1879 2002 simillimum

354 2036 470 2076 enim
504 2037 568 2076 est
594 2034 910 2077 Romanianum
943 2034 1067 2075 illum
1094 2048 1219 2088 quem
1252 2032 1367 2074 canit
1393 2032 1652 2087 subscriptio
1680 2046 1776 2073 cum
1803 2032 1880 2073 sub

354 2106 482 2147 finem
528 2120 635 2147 saec.
673 2105 734 2147 IV
775 2103 964 2146 Cassiaci
1010 2119 1142 2159 prope
1182 2103 1475 2146 Mediolanum
1521 2118 1616 2145 eum
1661 2105 1880 2145 uersatum

355 2178 487 2218 fuisse
528 2192 578 2218 ex
610 2175 846 2232 Augustini
885 2176 1008 2217 libris
1050 2178 1201 2217 contra
1237 2175 1518 2217 Academicos
1558 2188 1883 2229 cognoscamus,

356 2249 514 2290 librum
549 2263 646 2290 cum
678 2250 770 2289 tota
802 2247 1076 2302 bybliotheca
1109 2262 1184 2288 sua
1217 2261 1266 2287 ex
1294 2246 1442 2288 Africa
1473 2245 1518 2286 in
1546 2245 1731 2287 Galliam
1758 2245 1882 2286 cisal-

72 2312 336 2373 L⁰¹]1‘{{,⁰S⁰,3¹³²²¹¹‘
359 2321 504 2374 pinam
549 2319 839 2361 transtulisse:
884 2318 994 2360 conf.
1033 2332 1162 2372 supra
1199 2333 1238 2371 p.
1275 2318 1314 2359 4.
1383 2315 1496 2358 Nam
1541 2317 1584 2357 in
1628 2317 1714 2357 illis
1757 2316 1885 2357 terris

358 2392 458 2432 dum
490 2391 602 2432 docti
637 2390 732 2431 aeui
766 2389 1007 2444 Karolingii
1039 2388 1199 2430 frustra
1231 2388 1273 2429 in
1314 2387 1626 2442 exemplaribus
1663 2387 1879 2429 mendosis

359 2465 401 2503 et
437 2463 591 2504 laceris
630 2461 887 2502 desudarent
926 2460 1201 2501 emendandis
1240 2459 1322 2500 duo
1366 2458 1411 2499 ni
1455 2458 1582 2500 fallor
1620 2457 1880 2512 exemplaria

359 2535 403 2576 in
440 2534 607 2576 scriniis
647 2532 1004 2575 monasteriorum
1043 2531 1238 2572 latebant
1276 2530 1443 2584 integra
1482 2544 1662 2585 quorum
1702 2529 1881 2570 alterum

359 2607 403 2646 in
436 2606 636 2648 ccclesiae
670 2619 768 2646 arca
805 2604 882 2645 illa
914 2604 959 2644 in
991 2603 1095 2644 urbe
1127 2601 1274 2643 Laude
1312 2616 1445 2656 prope
1477 2601 1766 2643 Mediolanum
1800 2600 1883 2640 sita

359 2679 526 2719 iacebat
552 2677 767 2732 sepultum
795 2675 906 2717 unde
936 2674 1041 2715 illud
1069 2689 1180 2715 anno
1211 2674 1323 2715 1422
1352 2672 1567 2714 Gerardus
1594 2671 1881 2713 Landrianius

361 2749 584 2803 episcopus
605 2748 690 2789 luci
717 2747 901 2789 reddidit
928 2748 970 2786 et
994 2745 1170 2787 litteris:
1199 2744 1310 2786 conf.
1337 2742 1578 2799 GVoigtius
1606 2743 1671 2783 die
1693 2742 1883 2783 Wieder-

362 2819 577 2873 belebung
609 2819 682 2860 des
715 2819 838 2860 class.
866 2816 1136 2857 Alterthums
1157 2814 1195 2856 Ι2
1221 2831 1259 2869 p.
1280 2815 1378 2856 247.
1434 2814 1477 2855 Is
1511 2813 1600 2855 cod.
1633 2813 1897 2855 continebat-

361 2889 415 2931 M.
450 2890 578 2931 Tullii
623 2889 840 2931 Ciceronis
885 2902 1014 2943 opera
1065 2887 1277 2928 rhetorica
1311 2886 1349 2928 V
1389 2886 1469 2927 hoc
1516 2885 1660 2927 ordine
1704 2884 1874 2939 scripta:
