2003 3116
609 129 976 164 PROLEGOMENA.
1488 124 1541 165 67

27 240 143 290 Quae
182 242 382 282 secuntur
419 254 595 294 operum
633 239 823 281 omnium
862 237 1070 279 editiones
1110 235 1306 290 Dionysii
1345 234 1543 275 LAMBINI

26 311 222 353 Parisina
254 326 290 352 a.
320 310 431 352 1566
465 309 695 352 Alexandri
729 309 846 352 Scoti
884 307 1181 364 Lugdunensis
1217 321 1251 347 a.
1287 305 1398 348 1588
1437 318 1546 359 quae

27 382 133 423 mihi
170 384 341 436 praesto
372 396 459 424 non
491 384 556 423 est
586 381 680 423 Iani
713 380 931 422 Guilelmii
961 379 1054 421 Iani
1087 378 1299 420 GRUTERI
1332 376 1544 418 Hambur-

27 453 170 508 gensis
215 468 250 494 a.
293 453 403 494 1618
449 467 575 507 quam
620 452 795 494 iterauit
837 451 1016 492 Iacobus
1063 449 1306 491 Gronouius
1352 447 1546 503 Lugduni

29 524 142 565 1692
179 523 239 565 Io.
271 522 458 578 Augusti
495 522 687 564 Ernestii
731 521 968 577 Lipsiensis
1002 536 1036 563 a.
1067 521 1176 562 1737
1219 534 1268 560 ex
1313 519 1373 560 eis
1418 519 1545 573 longe

27 595 212 649 plurima
243 594 356 636 bona
387 593 433 634 in
463 593 597 635 libros
630 593 683 635 ad
715 592 815 634 Her.
849 592 1032 634 contulit
1059 589 1404 644 Hamburgensis
1440 587 1546 630 Gru-

26 666 106 707 teri
144 668 321 720 propter
358 664 479 706 codd.
513 665 679 719 copiam
713 664 783 719 qui
823 663 977 705 editori
1014 664 1186 717 praesto
1220 663 1354 702 erant.
1416 660 1546 702 Ianus

28 737 139 778 enim
173 735 430 778 Guilelmius
462 735 723 778 Lubecensis
763 735 986 776 itineribus
1024 748 1100 788 per
1135 733 1319 774 Galliam
1354 731 1547 785 Belgium

28 807 306 850 Germaniam
338 806 464 848 factis
496 807 679 861 plurima
711 805 970 860 exemplaria
1003 803 1244 846 contulerat
1277 803 1396 843 cuius
1430 802 1546 843 sche-

27 879 92 920 dis
130 894 232 920 usus
271 878 479 920 Gruterus
520 887 741 932 praeterea
791 892 864 918 sex
903 876 1023 919 codd.
1061 874 1268 916 Palatinis
1313 873 1548 914 instructus

27 950 141 991 haud
173 964 309 1004 pauca
341 949 494 990 menda
519 949 771 1004 plerumque
798 963 848 990 ex
874 947 1265 1001 manuscriptorum
1293 945 1549 986 auctoritate

28 1021 205 1062 sustulit
253 1021 435 1062 infestus
485 1020 695 1062 Lambino
747 1034 872 1075 quem
923 1020 1086 1074 passim
1143 1018 1294 1060 acerbe
1351 1017 1549 1072 castigat.

29 1092 239 1134 Lambino
266 1092 497 1134 nonnullas
525 1092 906 1147 interpretationes
934 1094 976 1132 et
1001 1091 1207 1132 lectiones
1235 1089 1369 1131 bonas
1397 1102 1547 1142 suppe-

28 1163 218 1204 ditarant
243 1163 429 1204 Turnebi
463 1164 709 1205 aduersaria
737 1179 772 1204 a.
803 1164 915 1205 1564
946 1161 1123 1204 Parisiis
1157 1161 1269 1202 edita
1303 1160 1436 1202 ueluti
1462 1159 1549 1214 pri-

29 1249 123 1275 mus
155 1233 219 1276 IV
245 1234 320 1289 54,
341 1235 395 1276 68
439 1234 572 1276 Thasi
610 1249 705 1275 cum
738 1234 936 1275 Turnebo
977 1248 1025 1274 ex
1065 1233 1153 1276 cod.
1187 1231 1447 1273 Memmiano
1481 1230 1550 1271 ille

28 1305 221 1346 restituit
251 1305 325 1346 ubi
357 1308 486 1347 antea
521 1305 644 1347 Tarsi
680 1305 921 1360 legebatur:
962 1304 1073 1359 quod
1099 1303 1162 1344 IV
1190 1303 1257 1356 30,
1279 1304 1333 1344 41
1370 1302 1551 1344 coniecit

24 1390 106 1430 par
136 1377 301 1418 certatio
329 1392 353 1418 a
378 1375 560 1418 Grutero
595 1379 784 1431 spretum
817 1377 858 1417 id
893 1379 1066 1418 auctore
1101 1374 1263 1417 Graeco
1299 1374 1444 1415 adlato
1470 1374 1498 1415 l.
1520 1389 1551 1415 s,

29 1447 387 1489 confirmauimus.
451 1447 568 1497 Quos
619 1448 783 1490 codices
834 1447 982 1489 laudat
1026 1446 1260 1488 Lambinus
1311 1459 1383 1486 eos
1427 1444 1552 1486 nobis

29 1520 200 1573 praesto
233 1533 319 1561 non
350 1533 441 1560 esse
479 1532 604 1574 aegre
638 1534 724 1560 non
763 1519 940 1560 ferimus
980 1518 1106 1560 sicuti
1141 1517 1312 1558 Gruteri
1343 1515 1552 1557 Palatinis

31 1589 237 1632 Gronouii
280 1590 479 1632 Mediceis
523 1589 715 1632 Ernestii
761 1590 971 1645 Lipsiensi
1017 1590 1109 1631 aliis
1152 1588 1278 1630 facile
1322 1602 1553 1642 possumus

31 1676 185 1704 carere.
237 1661 503 1716 Scripturam
535 1662 782 1704 continuam
816 1662 860 1702 in
893 1662 1035 1716 capita
1067 1661 1231 1715 primus
1265 1659 1413 1700 diuisit
1447 1657 1554 1699 Gru-

30 1735 147 1775 terus
185 1737 462 1775 contemnens
500 1733 872 1789 paragraphorum
911 1733 978 1775 uel
1018 1733 1258 1774 sectionum
1298 1731 1554 1772 diuisionem

31 1820 138 1860 quae
170 1804 285 1847 facta
318 1807 411 1846 erat
439 1804 483 1845 in
511 1803 627 1846 Scoti
661 1804 864 1846 editione:
897 1807 1125 1859 utramque
1159 1802 1416 1844 diuisionem
1450 1801 1555 1842 satis

30 1875 347 1917 incommodam
390 1875 435 1916 in
479 1875 602 1917 libris
646 1876 698 1918 ad
737 1875 837 1918 Her.
883 1876 1023 1930 prima
1069 1875 1240 1917 exhibet
1278 1872 1557 1914 Gronouiana

31 1962 159 2002 quam
200 1949 248 1988 ut
286 1947 512 2001 uulgatam
555 1947 687 1988 secuti
730 1950 832 1988 sunt
871 1946 1056 1988 editores
1094 1945 1354 2000 posteriores
1397 1958 1555 1986 omnes.

33 2018 258 2060 Praeterea
290 2018 414 2060 obelo
442 2033 542 2060 usus
571 2021 637 2060 est
663 2017 871 2059 Gruterus
901 2018 1092 2060 omnium
1118 2017 1207 2058 fere
1232 2017 1395 2071 primus
1422 2015 1556 2056 ueluti

34 2089 87 2130 ad
119 2091 280 2132 exitum
312 2089 413 2131 libri
437 2089 500 2130 IV
533 2105 623 2144 cap.
650 2088 751 2130 LVI
786 2090 857 2144 qui
890 2090 976 2131 iam
1004 2089 1220 2144 Angelum
1254 2087 1556 2129 Decembrium

33 2161 272 2202 offenderat
315 2159 446 2216 (conf.
489 2160 726 2202 Burmanni
771 2160 902 2215 praef.
946 2176 986 2215 p.
1017 2158 1185 2214 XXIII)
1229 2159 1335 2200 haec
1379 2158 1558 2199 adnotat

32 2246 71 2285 p.
99 2231 202 2273 241:
241 2230 362 2274 ‘Non
400 2246 587 2288 agnosco
626 2232 793 2288 aliquot
834 2232 1111 2287 sequentibus
1150 2230 1336 2286 periodis
1379 2228 1557 2271 Cornifi-

33 2303 156 2344 cium.
205 2301 263 2343 Et
300 2303 454 2344 mirum
493 2306 558 2345 est
595 2303 679 2344 nisi
717 2305 812 2344 tota
848 2302 954 2344 haec
993 2302 1294 2357 recapitulatio
1334 2301 1390 2342 sit
1426 2300 1558 2355 magi-

34 2374 149 2415 stelli
187 2373 366 2416 alicuius
405 2374 593 2416 triuialis
634 2374 958 2416 annumerantis
998 2373 1177 2415 minima
1215 2371 1403 2413 maxima
1436 2371 1558 2412 disci-

32 2445 146 2500 pulis
185 2444 302 2486 suis?
356 2445 449 2494 Qua
486 2445 530 2486 in
568 2459 613 2486 re
653 2459 799 2487 omnes
832 2445 1015 2487 editores
1055 2445 1143 2486 eius
1182 2443 1387 2485 iudicium
1425 2443 1559 2484 secuti

34 2518 145 2558 sunt.
203 2514 352 2570 Neque
389 2519 537 2558 tamen
575 2516 745 2558 etiamsi
783 2517 850 2558 his
889 2516 1033 2558 uerbis
1074 2530 1165 2557 sese
1200 2513 1418 2556 Cornificii
1452 2529 1559 2568 opus

34 2587 139 2629 illud
166 2601 258 2629 esse
285 2587 486 2628 arbitrari
514 2587 779 2643 significaret
803 2587 1127 2641 inscriptionem
1154 2585 1354 2627 Lambini
1387 2584 1558 2626 eIncerti

35 2659 219 2700 auctoris
260 2673 333 2700 seu
370 2661 419 2700 ut
456 2658 594 2700 doctis
635 2659 890 2713 quibusdam
928 2659 1095 2700 uidetur
1127 2656 1347 2700 Cornificii
1378 2656 1559 2697 rhetori-

35 2727 195 2771 corum'
223 2744 256 2771 e.
284 2744 325 2784 q.
351 2744 382 2770 s.
416 2744 545 2770 ausus
578 2732 645 2771 est
677 2732 959 2771 commutare:
993 2729 1106 2783 quod
1137 2743 1190 2769 ne
1216 2727 1436 2769 Victorius
1470 2727 1560 2782 qui-

35 2798 129 2840 dem
161 2799 264 2841 fecit
294 2800 339 2841 in
372 2800 460 2841 edit
492 2815 527 2841 a.
559 2800 668 2842 1537
702 2816 742 2855 p.
773 2802 793 2842 1
830 2803 872 2842 et
902 2799 1035 2855 praef.
1067 2799 1141 2841 fol.
1169 2799 1247 2840 211.
1286 2813 1423 2854 neque
1456 2797 1559 2840 Gro-

37 2870 204 2913 nouius.
265 2870 470 2926 Magnam
515 2871 665 2913 deinde
711 2874 753 2913 et
797 2872 1017 2926 copiosam
1063 2871 1284 2925 utriusque
1324 2870 1560 2913 rhetoricae

1231 2940 1278 2975 5*
