2003 3116
351 110 370 148 1
379 109 434 149 60
896 131 900 134 .
931 102 1298 136 PROLEGOMENA.

351 230 482 271 puero
504 213 707 265 Princeps
736 210 907 264 quidam
935 208 1105 250 nomine
1133 223 1258 250 mane
1284 208 1503 263 disserere,
1528 210 1628 263 post
1652 208 1870 250 meridiem

351 286 515 327 remoto
560 281 730 336 pulpito
775 280 1014 321 declamare
1059 279 1226 321 solebat
1271 276 1430 334 (Strab.
1463 277 1569 320 XIV
1607 293 1647 333 p.
1680 277 1784 336 650)
1831 281 1873 320 et

355 356 502 397 Cicero
524 352 719 395 Philonis
746 349 1098 393 consuetudinem
1126 351 1295 391 secutus
1323 352 1422 391 ante
1449 348 1671 391 meridiem
1697 349 1876 392 dictioni

350 440 524 481 operam
570 424 720 477 dabat,
762 424 862 478 post
906 421 1127 463 meridiem
1170 420 1472 476 philosophiae
1516 417 1815 477 (Tusc.113‚
1845 421 1870 462 9

348 496 428 538 RG
453 495 516 537 IV
543 511 583 550 p.
604 495 702 550 298,
725 493 752 535 5
773 490 861 549 W).
911 492 1057 534 Etiam
1088 491 1325 546 Dionysius
1357 492 1429 533 ille
1461 491 1607 532 Thrax
1633 491 1873 533 Aristarchi

350 569 468 610 cuius
497 566 658 608 dictum
685 565 886 606 laudatur
912 563 964 605 ad
991 562 1091 604 Her.
1111 561 1175 605 IV
1195 563 1264 618 28,
1284 563 1339 605 39
1374 562 1606 617 discipulus
1635 561 1873 603 rhetoricae

349 653 525 694 operam
561 638 702 679 dabat.
752 635 866 677 Nam
899 635 1002 677 licet
1032 634 1281 689 Doxopatro
1313 632 1392 675 RG
1423 633 1466 675 II
1497 649 1538 689 p.
1566 633 1663 688 104,
1684 634 1706 675 7
1746 633 1873 674 fidem

349 710 545 766 deneges,
578 708 750 763 scripsit
782 707 854 748 ille
886 705 985 759 περὶ
1018 704 1245 761 ἐμφάσεως
1276 707 1387 747 teste
1420 704 1552 748 Clem.
1579 704 1699 746 Alex.
1727 706 1871 746 strom.

348 781 388 822 V
423 782 468 835 8,
499 780 569 822 45.
631 779 913 835 Apollonium
953 777 1169 819 Molonem
1211 792 1297 819 non
1338 777 1477 818 solum
1522 776 1757 831 rhetorem,
1801 775 1873 817 sed

351 852 481 894 etiam
503 851 833 907 grammaticum
859 848 993 891 fuisse
1014 848 1111 890 inde
1132 849 1322 904 colligas,
1348 847 1460 903 quod
1479 846 1716 889 Homerum
1741 846 1873 889 inter-

351 925 546 978 pretatus
574 925 639 965 est
665 924 708 964 et
733 921 920 963 inclutus
947 919 1030 962 fuit
1057 919 1167 961 sicut
1188 919 1485 962 Aristodemus
1513 919 1662 975 aporia
1691 918 1875 974 quadam

352 995 515 1037 soluta:
557 1009 686 1049 quare
725 992 927 1035 laudatur
965 992 1039 1033 ille
1078 991 1189 1046 apud
1227 990 1517 1046 Porphyrium
1555 992 1718 1045 quaest.
1750 989 1876 1032 Hom.

350 1081 390 1121 p.
425 1066 528 1117 126,
558 1065 612 1107 15
657 1065 754 1107 edit.
787 1061 1080 1118 HSchraderi,
1122 1062 1193 1104 hic
1239 1063 1368 1104 schol.
1403 1061 1511 1104 Ven.
1541 1061 1581 1103 A
1619 1062 1673 1104 ad
1715 1063 1746 1103 I
1779 1060 1878 1103 453.

352 1137 504 1192 Itaque
548 1136 785 1178 Aristocles
836 1134 1143 1190 grammaticus
1190 1133 1383 1175 Rhodius
1435 1133 1538 1188 quin
1587 1132 1701 1174 idem
1752 1132 1880 1173 fuerit

353 1212 481 1264 atque
520 1209 668 1250 rhetor
705 1207 778 1249 ille
819 1206 931 1261 apud
963 1205 1140 1260 Dionys.
1168 1203 1308 1247 Halic.
1335 1204 1385 1246 de
1417 1203 1618 1246 Dinarch.
1651 1219 1744 1258 cap.
1770 1202 1880 1245 VIII

353 1279 549 1322 dubitare
583 1293 662 1335 ego
697 1278 868 1334 quidem
899 1277 1044 1319 nolim.

469 1350 700 1393 Praeterea
731 1352 826 1392 tota
856 1349 934 1390 illa
958 1350 1289 1404 praeceptorum
1321 1347 1485 1389 sanitas
1519 1349 1561 1389 et
1591 1346 1877 1403 temperantia

353 1423 618 1465 Rhodiorum
657 1422 729 1477 qui
762 1419 1005 1463 Atticorum
1045 1419 1272 1462 similiores
1311 1419 1470 1461 fuerint
1509 1419 1674 1461 redolet
1708 1418 1879 1460 institu-

353 1495 527 1536 tionem.
589 1493 709 1535 Inter
742 1492 929 1535 Graecos
972 1494 1165 1534 oratores
1197 1491 1447 1546 plerumque
1480 1490 1525 1532 in
1557 1490 1796 1533 rhetoricae
1828 1490 1881 1531 ad

353 1565 453 1607 Her.
474 1565 535 1607 IV
559 1565 873 1607 Demosthenes
895 1566 938 1605 et
960 1563 1191 1606 Aeschines
1213 1564 1406 1618 exemplo
1428 1564 1744 1619 proponuntur:
1769 1561 1881 1603 inter

354 1639 504 1691 poetas
526 1636 705 1678 eximias
726 1636 896 1678 fabulas
920 1634 1160 1690 Sophoclis,
1186 1635 1305 1676 cuius
1332 1635 1500 1676 fabulas
1526 1636 1628 1689 post
1647 1633 1881 1676 Alexandri

353 1711 549 1763 tempora
587 1707 730 1749 Rhodi
776 1710 892 1749 actas
938 1721 1029 1748 esse
1076 1705 1337 1748 GKaibelius
1384 1705 1699 1748 demonstrauit
1736 1704 1881 1747 Herm.

353 1778 502 1820 XXIII
541 1794 580 1834 p.
606 1779 710 1834 268,
750 1779 941 1820 inuenire
981 1778 1017 1820 si
1056 1778 1200 1820 studes
1239 1780 1485 1833 usurpatas,
1523 1781 1607 1820 εἴτε
1645 1787 1717 1819 σοι
1742 1774 1881 1818 Ἀντι-

354 1851 494 1904 γόνην
538 1851 678 1892 εἰπεῖν
721 1852 858 1905 φίλον
903 1849 985 1891 οὐκ
1028 1848 1083 1892 ἂν
1128 1848 1338 1904 ἁμάρτοις
1383 1852 1468 1891 εἴτε
1511 1847 1583 1890 καὶ
1623 1845 1881 1904 Ἠλέκτρανε

357 1922 464 1963 conf.
500 1921 640 1963 adnot.
674 1922 727 1963 ad
764 1921 827 1962 IV
863 1921 935 1976 15,
960 1922 1029 1963 21.
1065 1922 1137 1976 11,
1166 1922 1232 1963 16.
1293 1920 1487 1976 Denique
1525 1920 1767 1962 Atticorum
1806 1920 1881 1961 illa

358 1992 541 2034 eruditio
587 1993 655 2034 uel
698 1992 743 2034 in
789 1992 953 2048 exiguis
1000 1992 1252 2047 quibusdam
1297 1992 1424 2034 rebus
1469 1991 1650 2033 dilucide
1692 1993 1881 2047 apparet.

356 2063 503 2105 Veluti
549 2064 601 2105 ad
640 2063 740 2106 Her.
772 2063 836 2105 III
878 2063 949 2119 15,
981 2064 1035 2105 27
1076 2064 1274 2105 iubemur
1311 2064 1375 2105 uti
1413 2062 1556 2118 ‘pedis
1593 2063 1747 2105 dexteri
1782 2077 1881 2104 rara

356 2134 669 2190 subplusione’:
702 2135 813 2177 unde
846 2137 1025 2191 apparet
1056 2135 1271 2177 rhetorem
1304 2135 1429 2176 illum
1460 2134 1635 2177 iussisse
1669 2137 1883 2178 oratorem

357 2207 531 2248 sinistro
566 2207 673 2261 pede
702 2206 890 2249 innisum
924 2206 1116 2262 proferre
1142 2207 1376 2248 dexterum.
1427 2205 1549 2256 Quod
1582 2205 1754 2248 schema
1785 2206 1883 2248 uide

357 2293 485 2333 quam
530 2277 756 2331 pulchrum
802 2278 860 2319 sit
903 2280 946 2319 et
990 2278 1190 2320 anticum.
1252 2277 1401 2333 Neque
1441 2278 1554 2319 enim
1596 2292 1696 2320 casu
1736 2280 1882 2333 potest

358 2349 518 2390 factum
553 2363 644 2390 esse
677 2349 788 2404 quod
823 2340 1132 2391 celeberrimae*
1152 2349 1488 2391 clarissimorum
1521 2352 1741 2391 oratorum
1772 2347 1884 2390 Atti-

358 2434 505 2461 corum
533 2422 702 2461 statuae
730 2420 836 2462 bene
858 2423 1136 2463 conseruatae
1156 2419 1493 2463 Demosthenem
1514 2420 1606 2462 dieo
1627 2420 1880 2462 Vaticanum

359 2490 435 2546 (30
462 2490 575 2545 apud
601 2489 873 2548 Helbigium)
900 2494 941 2533 et
966 2491 1225 2534 Aeschinem
1251 2491 1584 2546 Neapolitanum
1611 2492 1743 2544 (1316
1771 2491 1883 2545 apud

357 2561 642 2604 Woltersium
663 2562 966 2604 Friederichsii
986 2560 1333 2620 retractatorem)
1355 2563 1459 2605 illud
1485 2564 1626 2618 ipsum
1653 2562 1883 2605 ostendunt

359 2633 532 2675 schema
570 2634 615 2675 in
654 2632 870 2676 GChristii
911 2635 1094 2677 historia
1133 2635 1266 2677 litter.
1298 2633 1464 2677 Graec.2
1494 2634 1581 2677 tab.
1614 2633 1655 2675 V
1687 2649 1727 2674 u.
1759 2632 1824 2674 VI
1850 2648 1883 2675 r.

360 2704 579 2746 commode
622 2704 892 2747 delineatum.
957 2704 1084 2748 Stant
1122 2707 1235 2747 enim
1272 2706 1442 2761 prolato
1479 2705 1587 2761 pede
1625 2704 1798 2745 dextero
1837 2704 1882 2744 in

357 2773 439 2815 hac
476 2789 519 2815 re
558 2790 583 2816 a
621 2775 833 2830 Sophocle
870 2776 1084 2820 Laterano
1130 2792 1398 2832 summopere
1445 2776 1613 2818 diuersi.
1677 2774 1759 2816 Sed
1800 2775 1881 2816 hoc

360 2844 604 2887 Atticorum
633 2850 852 2889 oratorum
881 2849 1051 2890 schema
1070 2849 1330 2904 posteriores
1356 2849 1547 2891 rhetores
1575 2846 1729 2888 acriter
1755 2847 1881 2888 casti-
