2003 3116
713 111 1083 148 PROLEGOMENA.
1596 110 1650 151 75

132 222 372 265 rationibus
406 222 579 265 titulum
605 222 812 265 librorum
839 223 892 264 ad
918 221 1018 264 Her.
1045 236 1132 263 non
1156 234 1386 276 possumus
1412 219 1651 274 restituere,

135 293 431 348 probabilibus
457 294 695 336 rationibus
721 308 962 349 possumus.
1012 292 1158 336 Cicero
1183 293 1260 334 illa
1287 305 1395 346 quae
1427 290 1471 332 in
1504 289 1651 332 schola

132 364 338 407 didicerat
358 367 401 407 et
422 380 472 407 ex
495 365 858 408 commentariolis
879 365 965 406 suis
987 365 1176 406 ediderat
1194 363 1396 405 rhetorica
1415 361 1653 417 appellauit

134 438 223 478 siue
256 435 465 491 ῥητορικά
497 436 727 478 secundum
761 435 937 485 Quintil.
957 435 1000 476 Π
1030 435 1161 489 14‚4:
1196 449 1298 476 nam
1331 433 1533 475 dicebant
1562 432 1649 474 rhe-

132 508 259 549 tor-ica
300 508 449 549 discere
493 506 616 548 sicuti
663 506 829 548 Ennius
875 507 1105 560 scripserat
1153 505 1356 547 rhetorica
1400 507 1562 558 tovzyevzt
1608 504 1651 544 in

132 578 248 633 Sota,
275 578 403 620 sicuti
429 577 480 619 ad
507 577 607 619 Her.
627 576 693 618 III
722 578 788 633 17,
809 578 864 619 30
896 577 1053 632 legitur
1079 577 1151 630 qui
1178 577 1390 618 nemonica
1415 575 1652 629 didicerunt,

132 649 244 704 apud
269 648 440 691 Petron.
463 648 518 690 58
549 648 620 689 ille
653 648 902 690 cerebrosus
934 661 1019 689 11011
1049 648 1187 702 didici,
1220 647 1373 702 inquit,
1401 647 1652 701 geometricis,

130 721 272 762 critica
302 723 339 762 et
368 720 537 774 alogias,
568 720 727 761 mertias
759 734 854 762 cum
885 719 934 760 de
962 718 1108 760 Iliadis
1141 718 1279 772 primo
1312 732 1438 759 uersu
1471 717 1652 773 cogitet:

132 791 242 834 conf.
282 790 516 832 Philodem.
561 791 612 832 de
650 791 758 832 rhet.
796 806 835 846 p.
870 791 973 845 320,
1001 791 1025 832 8
1073 789 1172 831 edit.
1218 788 1427 831 Sudhaus.
1501 788 1652 842 Itaque

131 866 326 904 nostrum
365 863 617 916 scriptorem
655 861 791 904 libros
832 876 931 903 suos
970 862 1022 903 ad
1054 860 1154 903 Her.
1187 860 1421 902 inscribere
1461 860 1653 915 potuisse

130 934 357 975 rhetoricon
389 948 646 988 quamquam
678 933 759 975 hoc
801 933 932 975 uerbo
964 947 1176 987 nusquam
1209 932 1344 973 utitur
1376 946 1464 972 11011
1496 945 1652 986 negan-

132 1004 230 1046 dum
263 1007 394 1059 esset,
428 1005 510 1046 nisi
542 1005 666 1046 illum
705 1019 782 1059 pro
816 1019 891 1046 3110
926 1003 1187 1046 Graecorum
1221 1006 1262 1044 et
1295 1002 1653 1044 Graecanicorum

133 1076 230 1118 odio
264 1075 464 1117 Latinum
497 1076 755 1118 uocabulum
788 1076 863 1118 ubi
901 1080 1047 1131 posset
1077 1074 1333 1130 praetulisse
1366 1072 1653 1116 transmarino

134 1147 256 1189 ualde
294 1147 516 1202 probabile
553 1150 676 1190 esset.
740 1148 861 1197 Quod
893 1147 1003 1188 idem
1037 1146 1149 1189 cadit
1181 1146 1227 1187 in
1259 1145 1364 1187 illud
1396 1160 1552 1187 nomen
1585 1158 1655 1185 ars

133 1218 334 1260 rhetorica
366 1233 449 1273 quo
483 1232 609 1272 saepe
641 1233 742 1259 usus
776 1221 840 1260 est
870 1218 1125 1260 necessitate
1153 1220 1325 1259 coactus
1353 1217 1480 1258 sicuti
1508 1230 1560 1257 ne
1585 1229 1656 1257 ars

130 1290 405 1344 yrammatica
431 1288 601 1344 quidem
626 1288 689 1331 IV
719 1290 784 1344 12,
807 1291 857 1331 17
888 1290 970 1331 alio
1003 1289 1128 1331 modo
1160 1291 1333 1343 poterat
1366 1288 1459 1329 dici.
1504 1283 1655 1342 Itaque

135 1376 185 1403 ex
216 1362 438 1416 prooemio
473 1359 609 1402 totius
642 1361 781 1415 operis
818 1361 958 1402 uerbis
997 1359 1102 1402 illis:
1143 1364 1275 1402 tamen
1310 1362 1381 1401 tna
1411 1372 1484 1401 nos
1517 1357 1656 1401 &He-

131 1434 250 1474 renni
280 1432 478 1474 uoluntas
509 1433 724 1473 commouit
754 1435 799 1473 ut
837 1432 887 1473 de
920 1432 1085 1473 ratione
1119 1431 1284 1473 dicendi
1323 1430 1657 1473 conset-aberamus

132 1538 140 1545 .
161 1536 170 1545 .
192 1536 201 1546 .
220 1517 293 1546 nos
318 1507 452 1546 atatem
478 1517 524 1545 ea
549 1517 651 1557 quac
676 1504 920 1545 uidebantur
937 1504 1142 1557 pertinere
1167 1504 1223 1545 ad
1246 1503 1458 1544 rationem
1484 1502 1652 1543 dicendi

131 1576 381 1628 sumpsimus
407 1589 440 1616 e.
461 1589 498 1628 q.
520 1589 550 1616 S.
585 1589 692 1629 quae
725 1575 862 1616 solum
907 1579 948 1616 et
985 1575 1200 1630 singulare
1237 1576 1336 1616 sunt
1368 1573 1493 1615 huius
1528 1588 1652 1628 quae-

133 1646 284 1688 stionis
325 1646 647 1688 fundamentum
685 1661 766 1688 nos
806 1646 963 1688 librum
1003 1646 1055 1688 ad
1088 1645 1189 1687 Her.
1220 1646 1267 1687 de
1302 1646 1461 1687 ratione
1496 1646 1655 1686 dicendi

131 1717 426 1772 inscripsimus
459 1732 555 1759 eum
587 1717 668 1759 hac
701 1717 750 1758 de
784 1732 911 1759 causa
945 1717 1057 1772 quod
1097 1717 1326 1772 scriptores
1359 1717 1404 1757 in
1443 1716 1653 1771 principio

134 1789 274 1843 operis
302 1803 606 1843 saepenumero
635 1790 804 1830 constat
830 1789 1004 1830 titulum
1026 1791 1100 1830 aut
1120 1788 1316 1844 posuisse
1338 1790 1412 1829 aut
1438 1790 1654 1842 spectasse

133 1860 268 1901 ueluti
298 1860 523 1902 Lucretius
555 1859 576 1901 I
609 1860 664 1902 25
702 1863 795 1901 tum
828 1861 922 1903 ideo
955 1861 1068 1916 quod
1107 1860 1426 1902 uetustissimus
1463 1859 1654 1901 omnium

132 1932 240 1972 liber
278 1932 328 1973 de
367 1932 582 1974 rhetorica
622 1931 771 1974 Latine
811 1933 995 1987 scriptus
1035 1933 1085 1974 de
1125 1947 1207 1987 quo
1248 1931 1408 1987 aliquid
1449 1931 1655 1972 traditum

134 2005 200 2044 est
239 2003 470 2045 memoriae
508 2003 582 2044 illo
621 2003 750 2045 titulo
789 2007 964 2045 ornatus
1003 2004 1135 2045 fuisse
1174 2004 1449 2059 cognoscitur
1489 2016 1539 2043 ex
1572 2000 1654 2043 Cic.

135 2074 254 2115 Brut.
275 2074 344 2128 44,
369 2074 451 2115 163
478 2074 549 2116 ubi
572 2073 752 2115 Brutus:
787 2074 810 2116 ἦ
834 2108 841 2115 .
864 2110 870 2116 .
903 2075 1059 2116 uellem
1088 2074 1248 2128 aliquid
1270 2073 1460 2116 Antonio
1488 2076 1656 2127 praeter

132 2145 253 2186 illum
291 2145 338 2185 de
373 2145 533 2186 ratione
569 2146 728 2187 dicendi
766 2160 868 2187 sane
901 2146 1055 2187 exilem
1090 2145 1304 2200 libellum,
1343 2145 1464 2199 plura
1498 2143 1654 2186 Crasso

133 2215 334 2257 libuisset
361 2215 571 2257 scribere.9
623 2215 849 2258 Eiusmodi
875 2216 1054 2271 denique
1089 2231 1219 2271 opera
1250 2216 1461 2258 rhetorica
1490 2218 1657 2270 spectat

135 2285 282 2329 Cicero
317 2301 412 2328 cum
444 2287 607 2330 scribat
637 2289 785 2342 partit.
812 2290 916 2330 orat.
946 2289 984 2343 1,
1009 2289 1029 2329 1
1064 2287 1240 2330 ‘Studeo
1274 2287 1331 2328 mi
1358 2289 1481 2342 pater
1503 2286 1656 2328 Latine

121 2357 278 2399 audire
311 2373 360 2399 ex
394 2361 435 2399 te
469 2372 518 2399 ea
551 2373 658 2414 quae
691 2359 796 2400 mihi
829 2361 876 2400 tu
914 2360 961 2401 de
990 2360 1151 2401 ratione
1182 2360 1342 2401 dicendi
1380 2358 1538 2400 Graece
1570 2361 1655 2399 tra-

134 2428 312 2470 didisti?
374 2430 588 2471 Absoluta
632 2430 764 2483 igitur
803 2430 1051 2485 quaestione
1095 2430 1144 2472 de
1190 2430 1317 2471 titulo
1357 2430 1564 2471 librorum
1604 2429 1655 2470 ad

134 2498 235 2541 Her.
267 2500 353 2541 iam
386 2501 435 2541 de
468 2503 560 2542 tota
591 2501 734 2543 indole
768 2517 816 2543 ae
848 2504 1002 2543 natura
1036 2502 1176 2556 operis
1211 2501 1291 2542 erit
1324 2501 1546 2555 agendum.

252 2570 323 2612 Illi
362 2572 434 2626 qui
479 2575 697 2614 auctorem
741 2573 980 2614 rhetoricae
1019 2573 1069 2614 de
1109 2587 1192 2627 qua
1234 2572 1401 2627 agimus
1439 2572 1654 2613 rhetorem

136 2643 186 2684 ad
226 2642 326 2684 Her.
366 2642 635 2697 appellarunt
679 2642 808 2684 etiam
857 2643 994 2698 magis
1040 2647 1270 2698 peccarunt
1314 2658 1439 2698 quam
1484 2643 1520 2684 si
1558 2643 1652 2698 quis

134 2712 190 2754 M.
205 2713 392 2754 Tullium
431 2713 647 2754 rhetorem
680 2713 855 2755 dixerit:
899 2729 999 2755 nam
1043 2714 1189 2755 rhetor
1232 2714 1405 2755 minime
1449 2716 1541 2756 erat
1583 2715 1654 2756 sed

137 2785 266 2826 homo
298 2799 386 2826 non
418 2783 552 2825 nobili
582 2783 655 2824 ille
689 2785 858 2838 quidem
892 2785 961 2827 sed
1000 2785 1180 2826 honesto
1214 2785 1308 2827 loco
1341 2788 1470 2827 natus
1503 2785 1574 2840 qui
1606 2799 1655 2827 ea

136 2870 220 2909 qua
257 2855 454 2897 solebant
491 2856 631 2896 aetate
670 2855 854 2897 rhetoris
894 2856 1042 2898 schola
1080 2870 1181 2898 usus
1221 2859 1325 2898 erat.
1387 2856 1502 2906 Quae
1537 2859 1653 2898 aetas

1691 2571 1736 2596 De
1763 2572 1871 2595 natura
1891 2572 1920 2595 et

1675 2606 1777 2631 indole
1791 2606 1936 2630 librorum

1739 2642 1776 2667 ad
1796 2642 1867 2667 Her.
