2003 3116
371 206 427 248 94
953 205 1319 238 PROLEGOMENA.

373 316 433 356 hi:
471 316 539 366 43,
565 314 632 355 513.
665 313 740 365 44,
767 312 821 353 58
867 311 939 352 ubi
981 311 1031 351 ad
1070 310 1202 352 uerba
1239 313 1354 351 extra
1391 323 1561 352 causam
1598 311 1708 352 conf.
1734 311 1775 352 II
1803 313 1841 365 3,
1868 311 1894 353 5

373 388 489 426 extra
520 385 566 425 id
594 383 758 435 crimen,
793 383 858 436 12,
882 381 936 424 15
982 381 1025 422 Π
1049 382 1113 433 19,
1134 382 1202 422 30.
1248 381 1317 435 21,
1337 381 1406 424 33.
1451 381 1519 435 22,
1539 381 1606 423 34.
1645 381 1713 436 25,
1733 382 1787 423 39
1831 381 1895 424 ΙΙΙ

376 457 439 509 12,
468 455 522 494 22
568 453 587 494 Ι
618 454 682 507 16,
710 453 764 493 26
779 453 839 494 bis
871 453 954 494 alii.

492 525 602 565 Tum
623 524 797 578 plurimi
818 524 901 565 loci
923 526 1022 565 sunt
1038 524 1190 579 quibus
1207 523 1350 578 aliqua
1369 523 1570 565 transitio
1587 526 1630 565 et
1650 526 1894 578 praecepto-

372 610 466 636 rum
500 594 622 649 quasi
655 594 967 648 conglutinatio
1001 594 1277 649 desideratur,
1311 594 1485 648 plurimi
1516 594 1708 649 denique,
1741 594 1894 649 quibus

374 666 480 707 nihil
506 666 595 706 fere
623 681 647 706 a
674 665 880 719 scriptore
912 665 1102 720 positum
1131 668 1196 706 est
1231 680 1358 720 quam
1390 666 1608 720 praecepti
1641 665 1792 706 titulus
1821 668 1896 706 aut

373 737 562 778 definitio
583 737 725 778 tenuis
747 737 905 778 omissa
925 737 1042 778 omni
1069 736 1365 791 explicatione,
1391 739 1438 778 ut
1465 737 1636 778 nonnisi
1664 751 1688 777 a
1714 736 1895 778 rhetori-

373 823 447 850 cae
469 808 620 862 peritis
642 808 850 849 eiusmodi
871 808 953 849 loci
974 807 1166 862 intellegi
1187 808 1415 861 potuerint.
1457 806 1602 848 Veluti
1621 807 1719 848 inde
1742 823 1766 848 a
1785 807 1806 848 I
1831 809 1895 861 11,

342 936 345 937 ,
375 880 427 921 18
469 894 564 921 cum
603 879 930 921 constitutiones
970 879 1166 933 singulae
1200 878 1404 932 exemplis
1439 878 1594 919 adlatis
1629 879 1896 932 explicantur

373 951 648 992 coniecturali
682 950 909 1005 explicatio
943 950 1164 1004 scriptoris
1199 951 1398 1005 apposita
1431 952 1506 1001 est,
1538 950 1641 991 item
1668 965 1747 991 usu
1779 950 1898 991 uenit

372 1022 417 1063 in
450 1022 545 1063 aliis
575 1022 806 1075 nonnullis,
837 1022 881 1062 in
914 1021 1129 1076 plerisque
1161 1022 1268 1063 nihil
1301 1023 1472 1076 praeter
1504 1035 1659 1062 nomen
1693 1021 1898 1062 constitu-

372 1093 504 1134 tionis
525 1093 569 1134 in
589 1093 672 1134 fine
695 1094 960 1148 singulorum
982 1092 1169 1146 capitum
1192 1092 1519 1146 subscriptionis
1544 1092 1680 1133 instar
1705 1092 1896 1134 additum

374 1167 458 1206 est:
486 1179 592 1220 quas
622 1164 956 1218 subscriptiones
984 1164 1167 1204 editores
1194 1166 1242 1204 ut
1267 1164 1433 1217 spurias
1462 1164 1709 1217 reiecerunt,
1737 1163 1896 1204 similes

375 1235 473 1276 illas
506 1235 551 1276 in
576 1235 681 1277 locis
709 1234 1004 1276 communibus
1031 1234 1169 1276 factas
1190 1234 1231 1274 Π
1253 1234 1291 1285 9,
1319 1236 1367 1275 13
1390 1237 1494 1275 extr.
1530 1235 1595 1287 10,
1618 1235 1672 1275 14
1693 1237 1797 1276 extr.
1833 1235 1898 1287 15,

375 1307 429 1346 22
449 1307 558 1347 med.
579 1304 668 1362 (16,
691 1306 747 1347 24
768 1307 870 1347 extr.
909 1306 974 1359 17,
995 1303 1069 1361 26)
1103 1308 1144 1346 et
1177 1308 1402 1346 seruarunt
1436 1320 1569 1360 neque
1596 1308 1899 1360 compararunt

374 1377 472 1419 illis.
520 1377 815 1418 Transitiones
848 1390 974 1430 porro
1009 1376 1303 1418 desiderantur
1335 1376 1377 1417 H
1399 1378 1437 1430 3,
1452 1376 1490 1418 5.
1517 1376 1584 1431 15,
1600 1377 1653 1416 22
1677 1379 1772 1417 ante
1802 1376 1896 1417 Pri-

373 1462 498 1499 mum,
534 1449 598 1502 14,
620 1449 672 1490 21
698 1450 797 1490 ante
831 1447 934 1489 Cum
954 1461 1001 1489 ex
1025 1448 1315 1501 conparatione
1342 1448 1453 1489 alibi.
1499 1447 1726 1489 Praeterea
1752 1448 1898 1489 multis

375 1520 481 1561 locis
520 1519 621 1561 ordo
661 1521 986 1574 praeceptorum
1029 1519 1224 1560 inuersus
1265 1522 1329 1560 est
1366 1518 1444 1574 ita,
1490 1521 1537 1559 nt
1579 1519 1762 1573 scriptor
1803 1534 1897 1560 cum

379 1590 539 1645 scripta
573 1606 649 1632 sua
681 1593 945 1632 commutare
978 1592 1128 1644 postea
1161 1590 1368 1644 noluerit,
1400 1592 1628 1644 praecepta
1660 1590 1768 1632 falso
1805 1590 1897 1632 loco

374 1664 509 1716 ponat
541 1662 675 1703 ueluti
708 1661 750 1702 H
785 1662 852 1715 12,
877 1662 927 1703 17
963 1661 1112 1702 scribit
1146 1660 1208 1702 ‘id
1243 1662 1353 1716 quod
1387 1676 1437 1703 ex
1469 1661 1571 1701 iuris
1604 1661 1798 1715 partibus
1833 1677 1901 1703 su-

375 1736 515 1774 metur
543 1732 592 1773 de
619 1732 850 1774 iuridiciali
878 1733 1089 1787 absoluta,
1123 1732 1171 1773 de
1204 1747 1287 1787 qua
1318 1733 1403 1773 iam
1436 1732 1688 1787 loquemur.³
1733 1731 1814 1774 Sed
1848 1733 1897 1773 de

374 1804 603 1846 iuridiciali
631 1818 717 1845 non
745 1804 964 1857 continuo,
992 1803 1063 1845 sed
1084 1804 1181 1844 inde
1204 1818 1228 1844 a
1250 1804 1315 1858 13,
1340 1805 1392 1845 19
1421 1804 1589 1845 demum
1617 1804 1771 1859 agitur,
1798 1804 1898 1858 quia

376 1890 482 1930 quae
517 1875 736 1929 legitimae
778 1878 920 1929 partes
955 1878 1054 1916 sunt
1086 1875 1413 1916 translationem
1449 1878 1492 1916 et
1523 1875 1897 1917 ratiocinationem

377 1950 529 2001 postea
573 1946 724 2000 opinor
774 1947 953 1988 inseruit
999 1947 1074 2000 12,
1106 1947 1158 1988 18
1203 1947 1323 1988 nulla
1367 1947 1623 1989 transitione
1667 1947 1781 1988 facta
1825 1948 1897 1988 sed

377 2018 547 2074 epilogo
596 2018 702 2059 33113
747 2018 892 2072 inepto
946 2018 1101 2060 addito.
1164 2018 1327 2059 Eodem
1380 2019 1505 2060 modo
1558 2018 1578 2059 I
1607 2019 1643 2069 7,
1667 2019 1716 2060 11
1772 2033 1899 2059 enun-

377 2090 531 2131 tiatum
565 2089 667 2130 illud
700 2089 967 2130 Exordiemla
1003 2103 1146 2142 causa,
1180 2088 1221 2130 II
1254 2089 1329 2142 30,
1355 2089 1409 2130 47
1444 2092 1717 2143 praeceptum
1752 2089 1802 2130 de
1834 2089 1896 2130 IV

377 2161 482 2202 locis
526 2162 803 2215 praepostero
848 2161 942 2202 loco
982 2162 1135 2214 postea
1172 2160 1329 2201 intulit.
1392 2159 1497 2207 Quid
1539 2160 1595 2201 sit
1635 2161 1898 2214 constitutio,

378 2231 570 2273 definiuit
607 2231 798 2287 quidem,
836 2231 909 2273 sed
946 2246 1084 2286 neque
1124 2231 1450 2286 explicationem
1488 2247 1571 2286 qua
1608 2232 1752 2287 utique
1791 2247 1897 2287 opus

378 2305 470 2344 erat
501 2303 544 2343 in
578 2317 622 2343 re
648 2302 904 2344 difficillima
935 2318 1071 2358 neque
1105 2303 1343 2356 exemplum
1377 2303 1592 2357 apposuit:
1628 2303 1765 2357 ipsam
1799 2303 1896 2345 defi-

378 2375 584 2415 nitionem
618 2374 763 2427 posuit
796 2374 890 2415 loco
923 2389 1124 2428 peruerso
1160 2375 1264 2415 satis
1296 2374 1438 2429 inepte
1464 2373 1484 2414 I
1513 2375 1579 2429 11,
1602 2374 1672 2415 18:
1705 2373 1898 2415 ‘Utrum-

380 2459 459 2500 que
491 2444 623 2499 igitur
655 2444 792 2485 facere
825 2446 1077 2499 poterimus,
1110 2445 1144 2485 si
1178 2445 1530 2486 constitutionem
1559 2459 1711 2486 causae
1742 2459 1895 2500 cogno-

379 2516 577 2557 uerimus.
653 2514 889 2558 Causarum
936 2516 1264 2558 constitutiones
1317 2516 1390 2557 alii
1437 2519 1640 2570 quattuor
1689 2515 1897 2558 fecerunt:

379 2590 525 2629 noster
552 2587 704 2629 doctor
729 2592 814 2628 tres
847 2587 1018 2640 putauit
1050 2601 1156 2641 esse,
1187 2602 1273 2628 non
1306 2590 1354 2628 ut
1386 2587 1436 2628 de
1468 2587 1639 2628 illorum
1672 2586 1898 2642 quicquam

381 2658 623 2700 detraheret
648 2658 908 2713 inuentione,
941 2658 1015 2699 sed
1047 2661 1094 2699 ut
1120 2658 1373 2712 ostenderet,
1409 2658 1461 2711 id,
1495 2658 1606 2713 quod
1640 2658 1900 2713 oportuisset

381 2730 634 2784 simpliciter
667 2745 716 2771 ac
749 2730 957 2785 singulari
991 2730 1116 2771 modo
1145 2730 1306 2785 docere,
1337 2730 1433 2771 illos
1461 2729 1729 2770 distribuisse
1762 2728 1895 2783 dupli-

382 2802 485 2843 citer
518 2804 560 2842 et
592 2801 808 2855 bipertito.
865 2800 1128 2843 Constitutio
1164 2804 1229 2843 est
1260 2802 1398 2856 prima
1431 2801 1672 2856 deprecatio
1706 2799 1896 2841 defenso-

381 2873 439 2913 ris
472 2887 565 2913 cum
600 2873 862 2914 accusatoris
895 2872 1216 2914 insimulatione
1256 2872 1493 2914 coniuncta.
1555 2870 1894 2913 Constitutiones

382 2943 544 2998 itaque,
582 2945 629 2984 ut
667 2946 765 2985 ante
808 2943 1009 2998 diximus,
1048 2946 1135 2984 tres
1177 2947 1292 2985 sunt:
1337 2943 1651 2997 coniecturalis,
1689 2942 1896 2998 legitima,
