2003 3116
364 199 420 239 50
926 192 1292 226 PROLEGOMENA.

364 322 503 362 quam.
564 302 710 345 Veluti
748 302 792 341 111
831 301 982 341 ultimo
1021 300 1120 340 libri
1154 298 1214 339 IV
1246 299 1377 339 uerbo
1415 300 1709 340 exercitationis
1739 305 1774 339 Ε
1806 313 1879 353 po-

364 379 471 417 nunt
501 377 539 415 et
567 372 863 428 exercitatione,
897 370 1096 411 similiter
1128 368 1246 410 codd.
1278 368 1491 409 fluctuant
1525 367 1546 408 1
1579 370 1652 423 11,
1681 370 1732 411 18
1765 373 1802 410 et
1832 384 1882 410 ex

364 461 430 498 eo,
468 444 510 486 II
546 446 616 495 11,
646 443 697 483 16
730 445 767 482 et
796 441 1007 495 expedite,
1041 440 1107 491 19,
1135 440 1191 481 30
1222 442 1260 480 et
1289 438 1583 490 exornatione,
1621 442 1661 492 4,
1688 440 1711 480 7
1745 444 1783 481 et
1812 455 1883 481 ex-

363 516 551 568 auditus,
588 513 654 554 III
687 513 725 565 9,
755 513 805 553 17
839 515 876 553 et
907 511 1110 563 exordiri,
1148 511 1216 564 20,
1244 511 1299 552 33
1331 513 1368 551 eb
1400 525 1450 550 ex
1483 509 1700 565 omnibus,
1731 511 1800 565 22,
1826 511 1880 552 36

361 590 399 627 et
428 586 579 639 exitus,
609 583 670 625 IV
696 584 735 638 3,
762 584 787 624 6
821 585 864 624 et
893 583 963 636 49,
989 583 1045 623 62
1077 584 1114 622 ct
1138 582 1348 635 exempla,
1379 581 1450 635 47,
1475 581 1532 622 60
1563 583 1601 621 et
1624 584 1883 635 expectatus,

363 658 430 706 55,
457 657 511 698 68
544 659 580 697 et
617 670 666 695 ex
706 654 813 695 aliis.
877 653 1104 694 Praeterea
1142 667 1272 694 causa
1309 652 1462 692 talium
1500 652 1884 705 interpolationum

362 728 443 768 fuit
469 727 698 768 uerborum
724 725 944 779 corruptio
972 723 1107 765 ueluti
1134 738 1230 765 cum
1255 729 1291 763 Ε
1324 722 1343 763 Ι
1373 723 1438 776 15,
1465 722 1521 763 25
1551 737 1627 776 pro
1660 722 1885 775 conferens:

362 799 532 851 confert,
572 796 634 839 IV
668 797 736 850 49,
763 797 818 837 62
853 810 929 850 pro
970 796 1147 836 iactans:
1179 795 1320 849 iactat,
1358 808 1435 849 pro
1467 796 1686 835 retentans:
1717 796 1887 835 retentat

362 872 553 924 poneret,
587 869 698 910 idem
732 868 826 908 aliis
859 867 964 909 loeis
997 866 1090 907 fieri
1122 880 1209 907 non
1240 866 1383 920 potuit
1414 865 1505 905 sine
1531 864 1884 918 interpolatione:

363 955 494 995 quare
526 939 587 981 IV
622 940 689 993 13,
718 939 770 980 18
805 953 881 993 pro
914 938 1185 991 distinyuens:
1223 940 1260 978 et
1279 971 1288 978 .
1308 970 1317 978 .
1340 969 1349 977 .
1368 936 1593 990 distinym't,
1625 936 1694 989 35,
1718 936 1773 976 47
1807 950 1884 989 pro

361 1012 599 1065 separatim:
636 1013 801 1063 separat
830 1013 866 1050 et
905 1009 1032 1050 sicuti
1065 1009 1155 1049 cod.
1183 1008 1223 1049 H
1262 1007 1461 1048 librarius
1495 1007 1563 1061 32,
1589 1007 1645 1048 43
1679 1021 1775 1048 00111
1806 1021 1885 1061 pro

361 1082 692 1124 circumscribens
728 1080 945 1135 posuisset
981 1079 1273 1121 circumscribit
1311 1079 1452 1120 locum
1481 1092 1577 1123 ,11011
1616 1079 1758 1132 potuit
1798 1092 1886 1119 non

363 1153 638 1208 interpolare.
701 1152 807 1193 Tum
841 1151 948 1192 alias
988 1150 1195 1192 eiusmodi
1229 1149 1462 1204 particulas
1494 1149 1676 1190 inseruit
1706 1155 1742 1189 E
1775 1163 1888 1189 110110

364 1224 414 1265 de
453 1239 547 1278 suo,
588 1237 702 1265 nuno
739 1223 987 1263 mutilorum
1033 1221 1334 1263 auctoritatem
1375 1222 1544 1261 secutus
1582 1220 1718 1261 ueluti
1759 1220 1887 1261 inter-

365 1295 502 1348 polati
536 1297 634 1336 sunt
666 1294 711 1335 hi
742 1294 826 1335 1001
857 1293 877 1334 Ι
910 1293 949 1347 6,
978 1293 1032 1334 10
1063 1295 1136 1334 aut
1168 1292 1221 1333 ab
1242 1325 1251 1334 .
1272 1325 1280 1333 .
1301 1324 1310 1334 .
1330 1295 1405 1333 aut
1435 1291 1715 1344 dubitatione,
1750 1289 1793 1331 II
1822 1291 1889 1344 10,

365 1368 420 1408 14
452 1366 547 1421 lege
578 1368 668 1419 aut,
707 1364 771 1406 III
808 1365 873 1418 14,
900 1364 958 1405 24
989 1367 1075 1405 tum
1106 1378 1279 1417 uocum,
1317 1362 1376 1404 IV
1410 1362 1479 1415 43,
1506 1362 1562 1403 55
1606 1361 1740 1413 Quare
1771 1362 1887 1413 haec,

363 1438 432 1492 44,
458 1437 511 1479 57
548 1437 682 1489 Quare
712 1436 769 1489 hi,
801 1434 865 1476 ΙΙΙ
891 1436 929 1490 6,
958 1436 1009 1476 11
1046 1434 1096 1475 10
1128 1434 1373 1475 huiusmodi
1397 1434 1539 1488 icitur,
1569 1432 1632 1473 IV
1657 1434 1697 1487 2,
1718 1434 1744 1473 2
1778 1433 1888 1482 Quid

362 1508 501 1562 ἱρέων,
533 1509 604 1563 34,
628 1508 685 1548 45
716 1506 783 1548 Ea
807 1507 946 1560 ἰφύων,
979 1505 1021 1546 ΙΙ
1048 1507 1116 1559 24,
1143 1506 1198 1547 38
1233 1506 1297 1546 sin
1331 1508 1466 1546 atatem
1499 1507 1576 1557 est,
1607 1503 1669 1544 IV
1695 1504 1734 1558 4,
1761 1504 1787 1545 6
1821 1505 1889 1544 sin

363 1582 499 1620 autem
531 1579 665 1633 istud,
701 1579 771 1632 42,
798 1578 855 1619 54
886 1577 952 1618 Ea
984 1581 1136 1629 autem,
1173 1577 1243 1630 47,
1270 1576 1325 1617 60
1366 1575 1523 1617 dieitur
1555 1578 1707 1630 autem,
1745 1574 1788 1615 ΙΙ
1823 1576 1889 1629 18,

364 1650 418 1690 27
459 1650 756 1691 difficillimum
794 1663 908 1702 uero,
945 1647 1007 1689 IV
1035 1650 1079 1702 3,
1105 1649 1130 1689 6
1172 1663 1267 1689 00111
1305 1661 1418 1700 uero,
1450 1646 1469 1687 Ι
1499 1647 1565 1697 17,
1591 1647 1660 1687 27.
1695 1647 1737 1701 1,
1766 1647 1788 1687 1
1821 1648 1891 1688 secl

365 1721 418 1772 si,
453 1722 519 1776 14,
540 1722 597 1762 24
626 1722 696 1762 sed
725 1723 965 1774 assumpta,
1004 1719 1046 1760 II
1067 1720 1104 1774 1,
1137 1722 1156 1759 1
1191 1720 1260 1760 secl
1290 1733 1468 1772 paruam
1495 1721 1681 1772 partem,
1718 1716 1781 1759 IV
1803 1717 1841 1771 5,
1864 1718 1887 1758 7

363 1794 433 1834 sed
457 1793 569 1834 aliud
598 1793 743 1846 alium,
778 1791 798 1832 I
823 1793 889 1843 11,
910 1791 962 1832 18
995 1804 1088 1832 cum
1113 1790 1303 1843 fratrem,
1336 1791 1402 1844 16,
1424 1790 1478 1830 26
1505 1803 1596 1830 cum
1622 1788 1891 1842 confiteatur,

362 1863 406 1904 II
432 1865 501 1917 27,
525 1865 582 1905 43
613 1877 704 1905 cum
730 1863 780 1904 de
808 1862 983 1917 musica,
1013 1861 1080 1902 HI
1107 1863 1175 1916 23,
1202 1862 1256 1903 38
1289 1875 1381 1903 cum
1407 1875 1498 1915 nOS,
1531 1859 1591 1901 IV
1618 1861 1686 1914 36,
1711 1861 1767 1902 48
1800 1874 1891 1902 eum

365 1936 525 1989 aliquo,
558 1936 628 1988 47,
656 1935 712 1976 60
744 1948 836 1976 cum
867 1933 1041 1987 dieitur,
1073 1932 1155 1974 Hie
1186 1933 1381 1986 quoniam
1412 1932 1432 1972 Ι
1470 1934 1534 1985 11,
1565 1932 1635 1982 18,
1677 1935 1751 1972 aut
1781 1932 1818 1973 si
1847 1930 1890 1971 ΙΙ

365 2006 433 2059 29,
461 2007 518 2047 46
545 2006 630 2060 bis,
675 2004 737 2046 IV
769 2006 845 2059 42,
877 2006 934 2046 54
976 2005 1014 2046 si
1058 2018 1154 2045 eum
1198 2019 1282 2057 res,
1326 2003 1402 2057 40,
1433 2003 1489 2044 52
1533 2003 1730 2043 interest:
1774 2003 1890 2055 quod.

365 2076 498 2118 Porro
542 2076 800 2131 pronomina
844 2076 898 2117 ab
937 2082 972 2116 Ε
1017 2075 1161 2116 addita
1207 2077 1308 2116 sunt
1351 2074 1418 2115 his
1462 2074 1586 2115 locis:
1631 2072 1693 2115 IV
1728 2074 1803 2128 52,
1835 2073 1891 2114 65

365 2147 602 2189 interficere
633 2162 713 2198 me,
751 2146 770 2188 I
803 2147 841 2200 9,
870 2147 924 2188 16
959 2147 1038 2188 soli
1070 2159 1162 2199 nos,
1204 2146 1270 2199 14,
1296 2146 1353 2187 24
1387 2145 1465 2187 siba·
1495 2145 1662 2200 ignosci
1696 2168 1754 2174 —
1785 2159 1892 2199 quae

364 2219 620 2272 pronomina,
646 2219 813 2260 adiecta
840 2219 894 2259 ab
920 2224 955 2258 Ε
983 2217 1217 2259 aecusatiui
1244 2232 1339 2259 cum
1366 2216 1584 2258 infinitiuo
1613 2216 1891 2257 construetio-

366 2304 462 2331 nem
496 2290 680 2331 reddunt
712 2290 964 2344 legitimam,
997 2289 1103 2330 alias
1135 2289 1331 2329 tractabo
1365 2312 1420 2318 —
1456 2287 1517 2328 IV
1550 2288 1588 2340 8,
1621 2288 1675 2328 12
1707 2287 1891 2328 maiores

364 2361 511 2413 nostri,
549 2361 617 2415 51,
645 2361 701 2401 64
739 2360 871 2401 frater
908 2374 1037 2410 meus,
1080 2358 1143 2400 ΠΙ
1178 2360 1245 2414 12,
1271 2360 1327 2400 22
1366 2359 1554 2399 animum
1596 2359 1699 2410 eius,
1737 2359 1806 2413 22,
1831 2358 1888 2399 35

367 2431 604 2472 cotidianas
637 2445 716 2482 eas,
748 2430 791 2471 II
820 2432 858 2484 9,
886 2431 939 2471 13
973 2434 1125 2471 contra
1150 2431 1195 2471 id
1220 2430 1346 2484 quod,
1379 2430 1446 2483 25,
1473 2430 1528 2470 39
1561 2429 1664 2470 dicit
1689 2430 1734 2470 id
1765 2429 1889 2483 quod,

367 2503 435 2556 29,
461 2503 518 2543 46
557 2505 623 2543 est
653 2503 698 2543 id
734 2501 864 2555 quod,
901 2501 963 2542 IV
999 2502 1035 2555 1,
1061 2502 1088 2542 2
1122 2504 1247 2554 egeat
1278 2502 1323 2542 id
1358 2501 1518 2555 ipsum,
1556 2501 1625 2553 47,
1654 2500 1710 2540 60
1748 2499 1888 2541 facere

366 2587 469 2624 eum,
501 2572 544 2613 Π
570 2573 642 2626 26,
666 2574 720 2613 41
750 2587 798 2614 eac
823 2586 864 2614 eo
897 2572 1009 2626 quod
1041 2572 1115 2622 ait,
1147 2571 1208 2612 IV
1233 2573 1273 2626 4,
1295 2572 1318 2612 7
1352 2573 1436 2625 ipse
1463 2571 1621 2612 scribet
1647 2570 1889 2625 artificiose,

370 2645 435 2698 19,
466 2645 523 2686 26
562 2644 643 2684 tibi
679 2645 778 2697 ipsi,
820 2644 887 2698 15,
913 2644 967 2684 21
1007 2643 1117 2684 solus
1149 2657 1205 2684 es.
1267 2642 1429 2683 Deinde
1476 2643 1655 2683 uerbum
1695 2642 1888 2683 substan-

366 2716 503 2756 tiuum
541 2715 587 2756 in
618 2720 663 2756 M
700 2715 908 2756 omissum
947 2714 1104 2755 adiecit
1135 2720 1170 2754 E
1203 2714 1267 2754 his
1310 2714 1411 2755 locis
1444 2712 1489 2754 II
1524 2713 1597 2768 18,
1624 2714 1677 2754 27
1713 2712 1887 2754 difficile

368 2789 440 2837 est,
476 2784 538 2827 IV
575 2787 640 2840 10,
670 2787 723 2827 15
755 2786 958 2841 fugienda
990 2789 1063 2836 est,
1102 2786 1171 2839 44,
1199 2786 1252 2826 57
1288 2785 1594 2839 uituperandus
1626 2787 1702 2837 est,
1734 2784 1804 2837 46,
1830 2784 1885 2825 59

369 2857 530 2897 dictum
557 2861 625 2911 est,
655 2857 726 2911 47,
753 2858 808 2898 60
841 2861 1016 2898 ornatus
1048 2857 1112 2907 sit,
1145 2857 1214 2910 24,
1239 2857 1294 2897 33
1321 2857 1484 2897 ueritus
1510 2869 1564 2897 es.
1618 2854 1810 2908 Denique
1842 2856 1888 2897 in

369 2928 486 2969 codd.
512 2935 547 2968 Ε
588 2929 672 2969 alia
708 2928 920 2969 uocabula
958 2927 1234 2968 inueniuntur
1273 2927 1416 2968 addita
1453 2926 1520 2967 his
1558 2926 1682 2967 loeis:
1720 2925 1762 2966 II
1794 2927 1834 2983 3,
1859 2927 1886 2968 5
