2003 3116
688 122 1061 156 PROLEGOMENA.
1558 125 1636 165 161

117 230 289 284 garunt:
313 243 414 270 nam
436 228 613 278 Quintil.
634 228 696 270 XI
717 229 756 282 3,
780 229 874 270 124.
898 229 981 271 135
1009 227 1252 285 (Fortunat.
1275 230 1395 272 RLM
1413 247 1451 286 p.
1476 232 1574 287 134,
1593 231 1640 289 5)

116 298 344 354 praecipit:
376 298 441 340 ἹΠ
467 299 648 354 pedibus
669 300 954 341 obseruantur
981 303 1121 342 status
1148 304 1190 342 et
1217 302 1420 344 incessus.
1465 302 1640 344 Prolato

118 370 265 412 dextro
303 373 416 412 stare
456 374 498 411 et
535 371 710 412 eandem
750 385 923 412 manum
957 385 1006 412 ac
1046 372 1195 425 pedem
1228 373 1420 427 proferre
1454 374 1643 415 deforme

119 440 219 482 est':
250 442 363 496 quod
395 444 669 496 praeceptum
703 444 871 483 secutus
905 444 1052 483 orator
1084 443 1156 484 ille
1184 457 1340 485 aeneus
1366 443 1399 485 F
1403 445 1642 487 lorentinus

118 512 161 553 in
187 512 474 554 Baumeisteri
499 513 788 554 monumentis
815 528 855 566 p.
883 512 969 554 512
1003 513 1195 567 depictus
1229 517 1317 555 stat
1342 516 1511 569 prolato
1538 516 1644 570 pede

119 584 307 625 sinistro.

238 653 319 702 Qui
346 654 507 695 fuerint
533 653 686 695 Graeci
719 656 915 695 auctores
949 655 1158 696 librorum
1189 655 1238 696 de
1271 655 1356 697 iun.
1391 660 1433 697 et
1466 658 1517 697 ad
1545 657 1644 698 Her.

117 723 314 778 indagari
357 725 515 780 nequit.
578 723 769 765 Ariolari
814 739 900 766 non
952 725 1176 766 didicimus
1226 740 1364 780 neque
1414 727 1643 780 probamus

119 795 230 849 quod
269 795 478 837 librorum
523 795 573 837 de
613 796 699 836 inu.
738 798 884 850 partes
924 796 1154 837 Posidonio
1195 796 1363 838 Rhodio
1408 798 1647 840 uindicauit

118 865 416 921 RPhilippson
443 866 707 907 Fleckeiseni
736 881 831 908 ann.
864 867 975 908 1886
1008 882 1046 921 p.
1072 868 1175 909 417:
1214 868 1323 909 conf.
1350 883 1479 922 supra
1505 884 1545 923 p.
1574 870 1645 911 78:

121 938 234 990 quod
266 937 436 979 Rhodio
470 938 708 980 uindicauit
741 939 984 992 probamus.
1042 937 1191 993 Neque
1224 939 1417 992 pluribus
1451 940 1500 981 de
1531 940 1646 981 Rho-

119 1007 287 1049 diorum
332 1009 485 1050 studiis
525 1013 788 1064 quantopere
821 1009 885 1049 illi
919 1009 1132 1050 ualuerint
1169 1010 1214 1050 in
1245 1024 1386 1050 rerum
1426 1014 1644 1065 gestarum

120 1077 319 1129 historia,
362 1079 406 1120 in
451 1083 541 1121 arte
586 1080 813 1130 statuaria,
858 1080 900 1121 in
943 1080 1219 1134 philosophia
1260 1080 1381 1122 iuuat
1422 1096 1645 1135 exponere.

125 1148 215 1190 Hoc
253 1152 397 1191 tamen
441 1151 678 1192 addendum
722 1151 801 1191 erit
843 1151 903 1192 eis
945 1166 1052 1205 quae
1092 1166 1220 1205 supra
1261 1168 1299 1206 p.
1332 1152 1413 1193 155
1456 1152 1505 1193 de
1544 1155 1647 1194 tem—

121 1221 299 1274 poribus
326 1221 490 1263 ultimis
519 1221 564 1264 C.
590 1222 718 1263 Marii
745 1223 935 1277 exposui,
969 1237 1079 1263 auno
1107 1222 1260 1277 667s87
1291 1222 1506 1265 Molonem
1532 1223 1647 1265 Rho-

121 1291 237 1333 dium
270 1292 433 1334 Romae
465 1294 609 1335 fuisse.
663 1293 775 1335 Nam
804 1292 950 1335 Cicero
984 1293 1103 1335 Brut.
1132 1295 1198 1345 89,
1226 1296 1309 1337 307
1345 1295 1395 1336 de
1428 1295 1502 1336 illo
1536 1309 1647 1336 anno

120 1363 226 1404 haec
258 1364 408 1405 tradit:
448 1363 627 1406 ‘Eodem
661 1379 770 1406 anno
803 1364 931 1405 etiam
958 1364 1122 1406 Moloni
1150 1364 1319 1407 Rhodio
1346 1365 1509 1407 Romae
1537 1366 1647 1407 dedi-

123 1450 216 1475 mus
250 1450 423 1488 operam
451 1437 493 1475 et
526 1435 662 1476 actori
689 1450 855 1477 summo
889 1450 1115 1476 causarum
1149 1439 1191 1477 et
1222 1434 1461 1491 magistro.'
1512 1436 1648 1485 Quen]

122 1506 261 1546 locum
305 1520 357 1547 ne
403 1520 496 1547 cum
539 1506 683 1548 Bakeo
731 1506 923 1560 spurium
969 1521 1060 1547 esse
1099 1506 1354 1558 iudicemus,
1399 1522 1448 1548 ea
1485 1522 1530 1548 re
1569 1522 1649 1548 nos

122 1577 399 1631 prohibemur
432 1577 544 1631 quod
575 1577 649 1619 illo
684 1592 795 1619 anno
829 1578 997 1632 legatos
1026 1577 1291 1619 Rhodiorum
1325 1579 1437 1619 inter
1468 1592 1575 1632 quos
1606 1581 1650 1619 et

122 1647 377 1689 Posidonius
428 1650 520 1688 erat
569 1647 731 1689 Romae
775 1647 906 1688 fuisse
958 1648 1094 1689 tradit
1135 1648 1392 1690 Plutarchus
1437 1648 1543 1690 Mar.
1581 1649 1650 1690 45.

123 1718 274 1773 Itaque
313 1733 392 1774 ego
438 1719 552 1759 malo
599 1719 730 1760 uerba
769 1719 841 1759 illa
888 1722 1075 1760 statuere
1117 1734 1142 1760 a
1180 1718 1383 1761 Cicerone
1422 1719 1516 1774 ipso
1560 1734 1650 1760 esse

123 1789 383 1843 interpolata
410 1790 521 1831 libro
548 1790 600 1831 ad
626 1790 877 1831 umbilicum
906 1790 1101 1832 adducto.
1152 1790 1195 1832 Is
1223 1790 1368 1832 Molon
1395 1805 1489 1832 cum
1517 1790 1651 1845 Apol-

124 1860 240 1902 lonio
274 1861 569 1902 Alabandensi
608 1860 754 1902 eodem
793 1861 920 1902 modo
963 1862 1228 1903 simultatem
1262 1861 1476 1916 quandam
1511 1862 1651 1916 egisse

125 1931 293 1972 uidetur
326 1946 409 1986 quo
449 1932 699 1973 Athenaeus
732 1946 827 1973 cum
867 1931 1139 1987 Hermagora
1171 1935 1214 1973 et
1241 1932 1505 1974 Rhodiorum
1546 1932 1650 1972 illud

126 2017 204 2056 par
235 2002 454 2057 rhetorum
483 2018 663 2058 quorum
697 2006 925 2057 praecepta
958 2003 1002 2044 in
1035 2003 1157 2044 libris
1192 2003 1243 2044 ad
1282 2002 1382 2045 Her.
1409 2006 1451 2044 et
1484 2004 1533 2044 de
1566 2003 1654 2044 inu.

125 2072 278 2115 Latine
316 2074 441 2116 nobis
487 2077 587 2115 sunt
630 2075 810 2116 tradita:
855 2074 965 2116 conf.
999 2089 1129 2128 supra
1166 2090 1207 2129 p.
1244 2074 1337 2116 123.
1394 2074 1507 2115 Nam
1541 2074 1652 2128 quod

127 2143 282 2186 Strabo
315 2145 418 2186 XIV
451 2160 489 2198 p.
517 2145 602 2187 655
635 2145 785 2186 tradit:
830 2144 1072 2199 ἐπεδήμησε
1117 2142 1164 2186 δὲ
1196 2146 1413 2199 πρότερον
1440 2143 1653 2186 Ἀπολλώ-

126 2231 235 2270 νιος,
268 2214 348 2266 ὀψὲ
381 2213 429 2257 δὲ
460 2212 565 2270 ’ἧκεν
592 2215 614 2257 ὁ
641 2217 812 2258 Μόλων
844 2214 915 2257 καὶ
948 2217 1032 2270 ἔφη
1065 2216 1174 2271 πρὸς
1200 2215 1336 2257 αὐτὸν
1363 2214 1529 2264 ἐκεῖνος
1557 2213 1652 2266 (ὀψὲ

127 2286 291 2341 μολών’
323 2286 422 2329 ἀντὶ
453 2293 533 2329 τοῦ
566 2286 714 2329 ἐλθών
746 2288 788 2328 id
823 2287 981 2329 dictum
1017 2287 1188 2329 uidetur
1221 2302 1312 2328 esse
1345 2290 1434 2328 tam
1467 2286 1654 2341 maligne

128 2373 256 2412 quam
300 2359 530 2412 prouerbio
574 2359 651 2400 illo
697 2359 895 2401 solebant
938 2359 1001 2400 uti
1040 2357 1111 2400 ἐπὶ
1153 2366 1245 2408 τοῖς
1288 2359 1653 2413 καθυστερίζουσι

127 2436 215 2470 τῶν
246 2437 429 2485 καιρῶν·
461 2426 533 2480 ὄψ’
570 2427 725 2484 ἦλθες,
759 2428 854 2472 ἀλλ’
892 2431 953 2479 εἰς
984 2431 1061 2472 τὸν
1093 2430 1309 2472 Κολωνὸν
1342 2430 1447 2472 ἵεσο.

250 2500 401 2542 Restat
438 2504 485 2542 ut
517 2516 625 2555 quae
665 2501 804 2543 adhuc
843 2501 1120 2542 disseruimus
1153 2501 1345 2542 breuiter
1377 2500 1655 2555 comprehen-

133 2572 294 2613 damus.
355 2571 499 2613 Rhodi
535 2572 668 2626 igitur
701 2572 781 2613 duo
815 2572 1049 2613 extiterunt
1079 2572 1319 2614 rhetoricae
1351 2573 1652 2625 praeceptores

135 2643 207 2698 qui
233 2657 323 2684 sese
349 2643 654 2697 impugnarent
677 2643 721 2683 in
748 2642 913 2683 artibus
941 2643 1042 2696 suis,
1075 2657 1256 2696 quorum
1283 2642 1519 2683 uetustiore
1552 2655 1654 2682 usus

133 2717 198 2755 est
235 2717 485 2769 praeceptor
516 2712 696 2755 Latinus
733 2713 805 2753 ille
844 2727 968 2767 quem
1009 2713 1192 2767 scriptor
1231 2713 1283 2754 ad
1316 2712 1415 2754 Her.
1448 2712 1570 2766 sequi
1611 2726 1656 2753 se

133 2786 223 2840 ipse
262 2786 489 2839 profitetur
526 2785 638 2825 inter
676 2798 808 2825 annos
842 2783 998 2838 668s86
1038 2787 1080 2824 et
1112 2783 1281 2837 672s82.
1345 2782 1499 2824 Omnia
1538 2796 1658 2836 prae—

136 2858 258 2910 cepta
291 2872 315 2898 a
347 2857 520 2898 doctore
554 2870 630 2897 suo
669 2855 833 2896 dictata
866 2870 1132 2909 anonymum
1166 2855 1216 2897 ad
1250 2854 1351 2896 Her.
1384 2853 1657 2907 descripsisse

205 2931 252 2957 Ad
274 2933 459 2958 Herennium
480 2931 552 2957 libri
571 2933 618 2964 lv,
638 2932 683 2957 ed.
697 2932 806 2956 MAnx.
1331 2927 1372 2958 11
