2003 3116
359 199 415 240 5ss
936 195 1303 228 PROLEGOMENA.

361 310 468 356 τάξιν
500 306 748 351 συσκευάζειν
780 304 871 351 τοὺς
903 303 1062 354 τόπους,
1093 302 1159 342 καὶ
1189 302 1347 376 τόπους,
1379 302 1450 350 οὓς
1479 302 1529 342 ἂν
1555 303 1748 355 λάβωμεν,
1775 303 1875 352 ἐξαι-

361 366 475 420 ρέτως
509 364 801 416 συλλογίζεσθαι
835 363 928 401 δεῖν.
981 361 1059 401 Καὶ
1088 378 1161 415 γαρ
1194 363 1238 401 αἱ
1266 360 1336 413 μὲν
1368 361 1534 413 εἰκόνες,
1572 361 1698 415 ὥσπερ
1730 362 1779 413 δὴ
1811 362 1877 402 καὶ

362 443 405 465 τα
435 425 651 478 γράμματα,
684 422 950 472 ἔξαλείφονται
982 421 1034 473 μὴ
1067 420 1279 473 χρωμένοις
1309 419 1420 473 ἡμῖν
1461 421 1503 460 οἱ
1536 418 1577 460 δὲ
1608 420 1719 460 τόποι
1750 422 1875 460 καθά·-

362 499 430 535 περ
467 482 586 553 κηρὸς
624 480 850 530 ὀφείλουσιν
887 480 1181 520 ὑπολείπεσθαι.
1233 479 1311 520 Καὶ
1354 481 1419 520 ἵνα
1463 479 1537 531 μὴ,
1560 479 1676 532 τυχὸν
1719 479 1877 535 ἀριθμῷ

362 550 436 582 τῶν
477 541 605 580 τόπων
646 539 962 591 ἀπατηθείημεν,
1001 539 1175 591 πέμπτον
1216 539 1376 579 ἕκαστον
1417 538 1568 592 ἀρέσκει
1605 544 1878 590 σημειοῦσθαι,

361 598 446 641 οἷον
490 599 531 640 ἐν
576 604 627 655 τῷ
670 598 829 655 πέμπτῳ
873 599 976 656 τόπῳ
1014 603 1119 652 χεῖρα
1156 606 1304 651 χρυσῆν
1342 597 1591 650 συντιθέναι,
1634 598 1700 638 καὶ
1742 597 1784 637 ἐν
1827 603 1878 653 τῷ

362 661 507 716 δεκάτῳ
538 675 625 698 τινι
661 659 881 733 γνώριμον,
917 657 947 713 ᾧ
986 657 1167 698 ἐπίθετον
1199 659 1303 698 ε”σται
1333 654 1429 698 καθ’
1452 657 1647 698 ὑπόθεσιν
1679 659 1879 708 Δεκάτιος,

361 719 426 759 καὶ
458 702 528 758 ὅσα
560 725 636 758 τῶν
669 717 815 771 ὁμοίων
847 718 940 757 εἰσί·
977 717 1043 757 καὶ
1075 718 1176 758 οὕτω
1209 713 1347 774 ρ’άδιον
1379 717 1483 757 ε’σται
1515 718 1630 769 ὅμοια
1661 720 1800 769 σημεῖα
1837 716 1879 757 ἐν

359 777 504 835 ἑκάστῳ
536 777 695 834 πέμπτῳ
727 778 830 833 τόπῳ
863 778 1101 830 συνιδρύειν.

477 847 590 889 XIX.
630 847 717 888 ”En
748 848 1074 901 προσφορώτερόν
1106 847 1208 888 ἐστιν
1240 847 1282 888 ἐν
1314 849 1417 903 χώρα
1452 848 1581 904 ἐρήμῳ
1613 847 1638 900 ἢ
1670 849 1881 903 πληθούσῃ

361 909 611 956 συσκευάζειν
642 909 734 956 τοὺς
765 908 923 959 τόπους,
956 909 1055 948 δίοτι
1086 906 1110 959 ἡ
1144 907 1309 960 συνεχὴς
1341 915 1416 947 τῶν
1451 907 1678 960 ἀνθρώπων
1709 908 1882 959 πάροδος

360 969 512 1021 ἐνοχλεῖ
536 968 603 1008 καὶ
633 968 678 1007 τὰ
710 975 787 1007 τῶν
819 967 982 1007 εἰκόνων
1015 966 1223 1016 ἐξασθενεῖ
1248 968 1506 1019 σημειώματα.
1556 966 1696 1020 ἐρημία
1728 964 1769 1005 δὲ
1795 965 1883 1005 ἀκέ-

363 1045 453 1081 ραια
494 1028 539 1067 τὰ
577 1034 653 1067 τῶν
692 1027 861 1067 εἰδώλων
899 1031 1087 1080 συντηρεῖ
1119 1027 1302 1079 σχήματα.
1349 1023 1439 1067 Ἐπὶ
1476 1027 1627 1073 τούτοις
1669 1025 1881 1078 ἀνομοίους

360 1088 526 1140 σχήματί
555 1103 592 1127 τε
625 1087 689 1126 καὶ
720 1087 836 1138 φύσει
868 1086 1012 1134 τόπους
1044 1085 1218 1139 εὑρετέον
1251 1086 1373 1137 ἐστίν,
1411 1085 1463 1134 ὡς
1495 1085 1544 1125 ἂν
1576 1085 1767 1133 εὐτάκτως
1799 1084 1879 1124 ἐπιἠ

361 1148 577 1199 φαίνεσθαι
604 1147 802 1186 δύναιντο.
847 1145 925 1185 Καὶ
949 1145 1022 1199 γὰρ
1050 1162 1100 1185 αν
1125 1146 1248 1185 πολλά
1274 1162 1329 1193 τις
1356 1144 1664 1198 διαχωρήματα’
1651 1144 1716 1200 ε’χη
1737 1145 1882 1216 λαβών,

362 1206 643 1279 ταραχθήσεται
680 1222 726 1261 τη
776 1211 852 1244 τῶν
896 1205 1025 1245 τόπων
1074 1203 1272 1256 ὁμοιότητι
1315 1221 1380 1244 και
1422 1205 1660 1278 ἐπιλησεται,
1705 1204 1762 1243 ὅτι
1812 1200 1879 1255 ἐφ’

361 1265 506 1322 ἑκάστῳ
539 1266 641 1305 τόπω
675 1264 906 1316 συνέθηκεν.
955 1260 1066 1303 Ἀλλα
1099 1264 1148 1315 δὴ
1180 1264 1246 1303 καὶ
1278 1264 1470 1317 μεγέθους
1495 1266 1611 1315 ἡττον
1638 1263 1791 1316 ἔχοντος
1817 1263 1883 1302 καὶ

363 1326 540 1378 μετρίους
571 1325 716 1372 τόπους
748 1324 846 1376 ἔχειν
874 1324 1049 1363 δεῖ.οἰ
1068 1339 1142 1376 γαρ
1173 1322 1267 1376 ὑπὲρ
1292 1323 1334 1363 τὸ
1362 1322 1452 1363 δέον
1478 1327 1631 1370 πλατεῖς
1656 1326 1882 1363 κλονεῖσθαι

362 1401 430 1432 τας
467 1384 621 1431 εἰκόνας
653 1390 829 1433 ποιοῦσι,
867 1383 933 1422 καὶ
971 1384 1012 1423 οἱ
1044 1383 1132 1422 λίαν
1166 1377 1217 1422 αὖ
1251 1382 1376 1422 στενοι
1409 1383 1456 1423 οὐ
1489 1383 1690 1422 δύνασθαι
1722 1383 1884 1422 δοκοῦσι

362 1444 546 1491 πολλάκις
578 1460 650 1494 την
682 1450 759 1482 τῶν
791 1442 954 1482 εἰκόνων
987 1441 1173 1490 δέξασθαι
1211 1443 1413 1482 σύνθ.εσιν
1454 1440 1541 1481 Ἐτι
1579 1440 1666 1482 οὐτε
1703 1442 1791 1481 λίαν
1822 1441 1884 1480 ἐκ-

363 1504 564 1557 λάμπρους
597 1500 689 1542 063⁷
713 1501 1033 1555 ὑπερβαλλόντως
1066 1502 1290 1549 σκοτεινοὺς
1322 1501 1466 1549 τόπους
1498 1501 1596 1553 ε’χειν
1628 1502 1699 1553 δεῖ,
1734 1501 1799 1540 ι’να
1830 1500 1883 1552 μὴ

364 1580 387 1615 η
413 1570 458 1618 τῇ
491 1562 673 1602 σκοτώσει
706 1561 972 1613 ἀφανίζωνται
1003 1578 1042 1600 αι
1074 1561 1221 1608 εἰκόνες
1247 1578 1272 1613 η
1300 1568 1346 1616 τῇ
1378 1560 1613 1635 λαμπρότητι
1647 1559 1882 1613 διαχέωνται.

355 1621 440 1661 ’Ἐτι
477 1638 523 1662 τα
561 1628 638 1661 τῶν
676 1621 804 1661 τόπων
843 1620 1081 1672 διαστηματα
1120 1620 1252 1694 μέτρια
1285 1623 1384 1660 εἶναι
1416 1619 1566 1674 αρέσκει
1601 1619 1737 1672 σχεδὸν
1769 1618 1883 1675 ὀλίγω

364 1682 481 1721 πλείω
513 1682 647 1720 ποδῶν
681 1687 807 1733 τριῶν.
858 1680 937 1719 Καὶ
968 1696 1040 1733 γαρ
1067 1679 1119 1727 ὡς
1144 1678 1169 1731 ἡ
1196 1678 1304 1730 ὄψις,
1337 1680 1438 1720 ου’τω
1469 1679 1535 1719 καὶ
1562 1678 1581 1719 6
1610 1686 1704 1726 νοῦς
1730 1678 1884 1718 ε’λαττον

366 1741 500 1794 ἰσχύει,
532 1740 582 1779 ἂν
607 1739 633 1792 ἢ
660 1721 814 1792 σςόόδρα
842 1739 974 1792 πόρρω
1001 1738 1203 1795 ἀναχωρῇς
1229 1738 1254 1791 ἢ
1280 1739 1600 1793 ὑπερβαλλόντως
1625 1738 1740 1791 ε’γγιὺς
1765 1750 1879 1789 προσ-

365 1807 491 1856 χωρῇς
531 1799 686 1855 ἐκείνῳ,
730 1799 822 1852 ὅπερ
862 1800 925 1838 δεῖ
957 1797 1138 1852 ὁρᾶσθαι.
1191 1799 1250 1838 Οὐ
1292 1798 1371 1850 μὴν
1413 1795 1494 1838 ἀλλ’
1529 1799 1563 1838 εἰ
1599 1797 1668 1838 καὶ
1710 1802 1761 1853 τῷ
1803 1796 1885 1837 ὄντι

368 1858 505 1915 ῥᾴδιον
536 1863 588 1914 τῷ
621 1858 737 1898 πλέον
769 1875 803 1898 τι
834 1858 899 1898 καὶ
930 1857 1199 1911 ἀκριβέστερον
1231 1857 1413 1911 ἐγνωκότι
1445 1857 1516 1909 τὴν
1548 1858 1733 1908 τοιαύτην
1765 1869 1885 1897 σπου-

367 1919 442 1970 δὴν
481 1919 649 1966 πολλούς
688 1933 725 1958 τε
761 1917 827 1957 καὶ
864 1917 1078 1970 ἁρμοδίους
1109 1917 1252 1965 τόπους
1290 1918 1594 1969 συνετοιμάζειν·
1631 1917 1734 1990 ὅμῳς
1766 1917 1805 1955 εἴ
1829 1932 1886 1963 τις

366 1978 462 2053 πρὸς
489 1985 609 2018 ταῦτα
636 1977 773 2017 ἰκανὸν
799 1975 1014 2030 ἁρμοδίους
1038 1977 1184 2051 τόπους
1211 1976 1457 2029 ἕφευρίσκειν
1482 1976 1623 2016 εαυτὸν
1650 1976 1697 2016 οὐ
1726 1976 1887 2027 νοιιίσει,

367 2037 486 2078 αὐτὸν
519 2037 560 2077 ἐν
592 2037 716 2092 εαυτῷ
749 2037 1019 2087 συστησασθαι
1050 2035 1102 2083 ὡς
1140 2036 1189 2076 ἂν
1222 2038 1401 2088 βούλοιτο
1443 2037 1611 2083 πολλοὺς
1648 2035 1792 2082 τόπους
1829 2034 1886 2082 ἐξ

367 2110 480 2137 εσται.
525 2091 581 2136 Η
598 2113 671 2170 γαρ
700 2097 854 2136 διάνοια
879 2096 1071 2135 παντοίαν
1098 2095 1148 2147 δη
1173 2112 1259 2141 τινα
1290 2096 1417 2168 χώραν
1451 2097 1615 2135 δύναται
1645 2093 1887 2147 περιπλέκειν

367 2156 431 2196 καὶ
462 2155 504 2196 ἕν
537 2155 664 2212 ἐκείνη
696 2154 811 2195 θέσιν
843 2155 1006 2195 εκάστου
1038 2155 1160 2195 τόπου
1192 2171 1288 2194 κατα
1326 2155 1398 2206 τὴν
1434 2155 1555 2194 αὑτοῦ
1587 2155 1776 2207 βούλησιν
1808 2154 1887 2193 κτί-

368 2218 445 2264 ζειν
489 2215 556 2256 καὶ
599 2215 908 2270 ἀρχιτεκταίνειν.
959 2213 1084 2254 ΓὈθεν
1128 2214 1286 2265 ἔξεστιν,
1329 2214 1398 2254 ἐὰν
1442 2215 1563 2270 τούτῳ
1606 2218 1658 2269 τῷ
1700 2214 1889 2268 προχείρῳ

369 2275 515 2327 πλήθει
547 2275 619 2316 οὐκ
651 2274 858 2328 ἀγαπητῶς
891 2274 1055 2327 ἔχωμεν,
1093 2273 1227 2322 αὐτοῖς
1263 2272 1360 2325 ἡμῖν
1398 2272 1534 2324 σκέψει
1564 2271 1729 2327 ἡμετέρα
1761 2273 1889 2325 χώραν

369 2342 557 2375 συνιστᾶν
599 2334 665 2374 καὶ
708 2334 780 2385 τὴν
823 2340 900 2374 τῶν
944 2332 1145 2386 ἁρμοδίων
1187 2333 1317 2373 τόπων
1366 2333 1665 2386 προχειροτάτην
1709 2332 1888 2380 εὐταξίαν

369 2395 667 2446 συνετοιμάζειν.
718 2393 819 2446 Περὶ
857 2392 927 2444 μὲν
964 2399 1042 2432 τῶν
1078 2393 1209 2432 τόπων
1247 2393 1390 2440 ἱκανῶς
1429 2393 1591 2444 εἴρηται·
1632 2398 1708 2430 νῦν
1747 2389 1788 2430 δὲ
1825 2390 1889 2430 καὶ

369 2453 466 2507 πρὸς
499 2453 566 2493 τὸν
597 2453 684 2506 περὶ
715 2459 792 2492 τῶν
825 2452 987 2492 εἰκόνων
1020 2453 1245 2504 μεταβῶμεν
1276 2451 1404 2504 λόγον.

488 2521 581 2563 XX.
628 2520 736 2563 Ἐπεὶ
773 2524 906 2563 τοίνυν
944 2529 1021 2562 τῶν
1059 2537 1096 2562 τε
1138 2523 1372 2575 πραγμάτων
1415 2521 1550 2573 ὁμοίας
1591 2517 1692 2560 εἷναι
1732 2521 1811 2561 εἰκό
1841 2537 1866 2561 ν

371 2585 446 2636 δεῖ,
486 2583 551 2623 καὶ
587 2583 624 2632 ἐξ
668 2582 853 2622 ἁπάντων
890 2582 1013 2635 λόγων
1049 2582 1272 2634 γνωρίμους
1316 2579 1411 2633 «ἡμῖν
1449 2580 1676 2632 ὁμοιότητας
1719 2579 1885 2633 ἐκλέγειν

371 2643 597 2695 ὀφείλομεν,
636 2644 773 2682 διπλαῖ
803 2641 879 2694 ἄρα
917 2640 1138 2693 ὁμοιότητες
1176 2637 1276 2681 εἶναι
1320 2639 1567 2691 ὀφείλουσιν,
1611 2641 1656 2679 αἱ
1696 2638 1766 2691 μὲν
1812 2646 1888 2679 τῶν

371 2703 626 2756 πραγμάτων,
664 2702 708 2742 αἱ
742 2700 782 2741 δε
821 2718 896 2740 των
929 2700 1063 2754 λόγων.
1115 2701 1172 2739 Αἱ
1199 2705 1275 2739 τῶν
1307 2701 1543 2772 πραγμάτων
1576 2698 1796 2771 ὁμοιότητες
1829 2698 1889 2738 ε’κ-

373 2769 654 2815 φανεροῦνται,
687 2762 779 2801 ὅταν
810 2761 1088 2812 κεφαλαιωδῶς
1120 2776 1186 2806 τας
1213 2766 1289 2798 τῶν
1321 2760 1498 2812 πράξεων
1529 2758 1683 2805 εἰκόνας
1715 2758 1889 2806 συνάξω-

375 2833 458 2872 μεν·
499 2822 542 2860 αἱ
577 2820 618 2861 δὲ
656 2828 732 2860 τῶν
764 2821 889 2874 λόγων
922 2819 1144 2872 ὁμοιότητες
1176 2820 1445 2869 συνίστανται,
1485 2819 1578 2858 ὅταν
1609 2817 1696 2864 ἓνὸς
1727 2816 1890 2857 ἑκάστου

375 2879 562 2931 ὀνόματος
600 2879 624 2931 ’ὴ
661 2880 795 2928 λέξεως
833 2880 967 2931 μνήμη
1005 2879 1126 2918 εἰκόνι
1164 2884 1380 2930 σημειῶται.
1427 2876 1547 2917 ΓΌλου
1586 2875 1626 2916 δὲ
1666 2877 1890 2929 πράγματος

375 2939 534 2991 μνήμην
565 2940 749 2986 πολλάκις
784 2938 842 2978 ἑνὶ
874 2939 1018 2994 σημείῳ
1050 2937 1115 2977 καὶ
1146 2937 1268 2977 εἰκόνι
1298 2935 1399 2992 ἁπλῇ
1433 2936 1763 2988 συλλαμβάνωμεν
1795 2936 1890 2975 κατὰ
