2003 3116
647 190 1015 223 PROLEGOMENA.
1539 186 1591 226 13

67 298 303 340 fasciculus
348 297 538 338 omnium
581 296 776 338 ultimus:
821 296 1123 351 quaterniones
1167 294 1355 335 numeris
1402 294 1490 334 suis
1534 294 1594 334 in—

23 399 26 401 -
71 369 218 424 signiti
258 371 359 410 sunt
396 382 558 409 omnes.
620 367 713 409 Fol.
745 365 979 424 l-{omnino
1018 381 1199 408 uacuum
1238 367 1319 419 est,
1357 364 1441 405 nisi
1481 364 1594 418 quod

65 439 343 494 inscriptione
364 439 536 482 Claudii
556 438 737 480 Puteam·
761 438 925 480 indicat
943 438 1062 480 cuius
1089 438 1198 479 liber
1218 435 1430 491 quondam
1453 434 1593 476 fuerit.

67 509 159 552 Fol.
191 511 264 552 2r.
306 510 423 564 prior
459 525 559 564 pars
597 523 750 551 uacua:
788 509 927 550 medio
965 509 1115 563 incipit
1153 507 1367 549 rhetorica
1405 505 1456 546 ad
1494 504 1594 546 Her.

67 581 166 623 inde
197 596 222 622 a
258 580 279 621 I
312 581 356 634 6,
382 581 429 635 97
466 580 640 634 explicit
671 579 746 621 fol.
774 580 828 621 78
843 594 874 620 r.
914 579 1054 621 medio
1093 580 1201 621 liber
1226 578 1310 620 VI:
1349 576 1460 632 quod
1499 576 1594 617 reli-

71 667 202 707 quum
235 654 301 692 est
331 650 426 692 folii
461 651 514 698 78
547 652 665 691 caret
698 650 920 704 scriptura.
982 649 1103 692 Inter
1135 650 1208 692 fol.
1239 653 1258 692 l
1295 656 1337 694 et
1369 654 1395 695 2
1435 654 1594 694 uetusti

69 723 158 765 cod.
196 736 327 763 unum
366 736 417 762 ex
455 721 540 762 alio
579 720 668 762 cod.
709 721 915 762 insertum
955 724 1021 762 est
1058 721 1212 763 folium
1250 723 1294 764 in
1333 739 1415 778 quo
1454 726 1596 766 exstat

70 794 172 835 libri
196 792 218 834 I
249 791 506 847 principium
540 792 651 846 quod
684 791 802 833 deest
834 792 878 832 in
911 792 1074 834 mutilis
1102 794 1302 835 omnibus
1330 810 1459 837 manu
1487 810 1594 837 saec.

68 863 153 905 XII
193 864 262 905 uel
299 862 408 904 XIII
453 863 744 917 conscriptum
789 865 832 904 et
875 863 1000 904 nobis
1041 864 1167 917 plane
1208 864 1371 906 inutile.
1434 865 1595 907 Versus

70 935 202 976 habet
246 934 292 975 in
328 949 414 975 una
451 948 620 989 quaque
664 933 824 988 pagina
862 933 1011 975 XXIII
1051 935 1096 976 in
1139 936 1221 978 hac
1263 951 1431 991 quoque
1473 951 1516 978 re
1555 936 1597 977 H

66 1005 225 1048 codicis
258 1005 421 1046 similis.
473 1003 699 1047 Con-ectus
734 1007 799 1046 est
830 1005 883 1046 ab
917 1005 1090 1047 homine
1119 1007 1322 1062 perdocto
1350 1008 1506 1049 saeculi
1534 1007 1593 1048 IX

68 1077 186 1119 cuius
206 1076 368 1132 passim
389 1076 602 1131 scriptura
621 1078 791 1117 uetusta
812 1075 950 1118 deleta
970 1077 1240 1120 coniecturae
1261 1079 1595 1133 conspiciuntur.

68 1147 230 1189 Deinde
270 1148 439 1189 saeculo
471 1146 575 1188 XIV
613 1148 681 1188 uel
713 1146 793 1188 XV
833 1148 942 1189 alius
983 1148 1154 1202 quidam
1195 1164 1246 1191 ex
1285 1150 1503 1192 codicibus
1536 1150 1596 1191 in-

67 1220 201 1275 tegris
222 1219 398 1261 lacunas
425 1219 614 1273 expleuit
641 1233 741 1260 usus
770 1221 1011 1261 atramento
1036 1220 1173 1262 uiridi.
1223 1220 1315 1263 Nos
1337 1224 1596 1263 correctores

69 1291 325 1333 recentiores
363 1291 471 1332 istos
510 1291 571 1331 nil
609 1305 839 1332 moramur.
901 1289 967 1332 Ne
1007 1292 1166 1333 saeculi
1198 1291 1259 1333 IX
1299 1293 1472 1348 quidem
1508 1307 1596 1335 cor-

71 1365 263 1404 recturas
302 1362 450 1417 magni
488 1360 685 1403 facimus:
726 1376 832 1416 quas
870 1364 1015 1403 tamen
1053 1363 1199 1405 littera
1233 1363 1284 1404 Ρ2
1324 1365 1488 1406 adiecta
1526 1365 1598 1406 ad-

69 1433 313 1475 hibebimus
358 1433 395 1474 si
441 1448 549 1488 quae
594 1433 755 1474 similes
801 1433 1005 1475 lectiones
1053 1449 1104 1475 ex
1149 1435 1366 1477 codicibus
1417 1436 1597 1491 integris

68 1504 349 1559 proferentur.
391 1503 590 1546 Codicem
613 1504 656 1545 in
678 1519 801 1545 usum
823 1503 968 1545 Orellii
995 1505 1180 1547 contulit
1200 1504 1445 1547 JEscherus
1467 1505 1597 1561 (conf.

69 1574 217 1617 Cicero
265 1574 356 1616 edd.
395 1574 578 1617 Orellius
623 1578 665 1616 et
709 1575 908 1617 Baiterus
953 1576 1035 1617 uol.
1072 1576 1093 1617 I
1139 1576 1282 1619 Turici
1330 1578 1442 1619 1845
1485 1594 1524 1633 p.
1558 1577 1598 1618 V

69 1646 268 1688 Baiterus
313 1646 359 1687 in
401 1646 486 1688 ind.
519 1647 616 1688 lect.
651 1646 694 1687 in
739 1647 854 1688 acad.
886 1646 1026 1689 Turio.
1060 1647 1245 1704 habend.
1278 1663 1372 1689 ann.
1411 1647 1597 1704 1844s5)‚

68 1719 113 1760 in
143 1733 269 1760 usum
305 1717 484 1772 Kayseri
515 1717 768 1758 EMillerus:
808 1717 881 1759 sed
915 1718 1057 1772 plures
1097 1722 1198 1760 sunt
1236 1734 1342 1774 quae
1381 1720 1514 1762 falsae
1552 1721 1597 1761 in

68 1789 157 1831 illis
190 1789 448 1831 editionibus
475 1788 565 1830 cod.
592 1787 778 1830 Parisini
804 1789 1008 1831 lectiones
1037 1789 1301 1832 adnotantur
1327 1805 1456 1845 quam
1490 1806 1598 1845 quae

68 1863 211 1903 rectae
243 1875 380 1916 neque
407 1859 546 1902 solum
573 1859 757 1901 editores
784 1859 857 1901 sed
885 1861 1044 1902 multos
1072 1861 1183 1903 alios
1211 1861 1337 1903 sicuti
1364 1876 1431 1902 me
1458 1862 1599 1916 ipsum

69 1932 285 1987 quondam
317 1932 362 1973 in
392 1931 585 1973 fraudem
625 1931 885 1973 induxerunt
917 1934 959 1973 et
990 1933 1033 1973 111
1075 1947 1237 1975 errores
1270 1933 1475 1975 lectiones
1509 1933 1599 1976 cod.

69 2003 257 2045 Parisini
306 2017 531 2059 perperam
582 2002 733 2044 editae.
808 2002 974 2058 Quippe
1025 2004 1086 2045 nil
1139 2007 1338 2046 curantes
1393 2005 1599 2046 lectiones

70 2090 235 2129 erasas,
273 2075 541 2116 coniecturas
581 2074 741 2116 saeculi
772 2073 835 2115 IX
872 2074 942 2115 uel
975 2074 1014 2115 X
1052 2075 1121 2116 uel
1154 2074 1260 2116 XIV
1292 2091 1368 2130 pro
1411 2076 1524 2117 ueris
1559 2078 1601 2116 et

72 2147 270 2202 genuinis
304 2146 583 2188 uenditarunt
614 2148 657 2187 et
690 2145 949 2186 sententiam
982 2145 1032 2186 de
1065 2146 1139 2187 illo
1173 2146 1317 2188 codice
1351 2149 1394 2188 et
1427 2147 1476 2188 de
1509 2147 1602 2188 reli-

73 2218 167 2272 quis
199 2217 416 2259 ferendam
449 2217 578 2271 plane
611 2216 977 2258 conturbauerunt
1010 2219 1051 2257 et
1082 2217 1408 2271 impediuerunt.
1455 2218 1597 2259 Veluti

71 2288 113 2329 II
145 2289 220 2342 23,
246 2288 302 2330 35
341 2288 386 2330 in
423 2302 551 2329 uersu
590 2287 734 2328 Plauti
770 2288 1048 2342 concastiyabo
1079 2302 1159 2341 pro
1200 2291 1435 2332 commerita
1472 2290 1599 2332 noxia

71 2359 291 2401 Parisinus
324 2359 499 2400 minime
531 2359 682 2400 habuit
714 2360 927 2402 commissa
958 2373 1069 2401 noxa
1100 2375 1209 2415 quae
1236 2361 1281 2402 in
1314 2361 1600 2403 deterioribus

71 2431 190 2473 codd.
217 2430 495 2473 inueniuntur
526 2433 569 2472 et
595 2431 845 2472 correctoris
873 2434 986 2482 sunt,
1020 2431 1093 2472 sed
1119 2431 1270 2473 habuit
1300 2433 1449 2474 comita
1474 2434 1599 2474 noxia

67 2501 112 2543 id
155 2503 221 2544 est
257 2503 491 2544 commerita
530 2502 674 2543 noxia:
719 2502 805 2543 cod.
834 2501 875 2542 H
919 2502 1050 2543 habet
1094 2502 1252 2544 similia
1294 2503 1415 2545 haec:
1460 2504 1600 2546 {mitta

69 2574 208 2615 noxia.
269 2572 334 2614 III
377 2573 449 2628 14,
482 2573 539 2615 25
579 2573 714 2615 uerbis
753 2575 1043 2616 continuandis
1086 2588 1222 2616 uocem
1262 2589 1415 2629 quoque
1457 2590 1602 2630 meyero

71 2647 225 2698 oportet
261 2647 376 2686 recte
414 2644 624 2699 praebent
661 2644 778 2686 codd.
812 2645 970 2700 expleti
1002 2652 1050 2686 Ε.
1114 2645 1156 2686 Η
1195 2646 1360 2687 habet.
1388 2680 1396 2687 .
1425 2678 1433 2687 .
1461 2661 1601 2701 meyero

71 2718 240 2770 oportet,
280 2715 330 2756 de
362 2715 559 2757 Parisino
598 2716 711 2770 quod
749 2716 928 2757 tradunt
966 2731 1062 2758 eum
1094 2717 1254 2759 habere
1293 2717 1399 2758 illud
1437 2719 1602 2772 imzyere

72 2790 225 2841 oportet
262 2787 315 2828 ab
356 2786 591 2828 editoribus
629 2787 858 2841 probatum
897 2787 939 2828 id
977 2787 1134 2829 falsum
1173 2791 1253 2830 est:
1300 2803 1399 2829 nam
1438 2790 1603 2843 ἐπῆρεν-(3

73 2859 326 2899 correctoris
371 2859 455 2911 est,
492 2872 623 2899 manu
660 2857 800 2913 prima
839 2858 1045 2912 scriptum
1082 2858 1166 2900 fuit
1203 2873 1320 2914 uyere
1357 2861 1602 2914 praeposita

73 2943 160 2970 una
199 2929 346 2970 littera
384 2944 512 2984 quam
543 2944 564 2970 r
595 2929 729 2971 fuisse
768 2930 936 2970 collatis
970 2930 1152 2971 aliorum
1191 2930 1311 2972 codd.
1343 2931 1600 2973 lectionibus
