2003 3116
272 128 355 167 190
798 125 862 156 AD
890 125 927 156 c.
954 124 1242 157 HERENNIUM

388 233 669 273 Honestum
703 244 854 272 causae
899 243 1033 284 genus
1074 232 1266 284 putatur,
1308 244 1403 271 cum
1445 233 1519 270 aut
1566 231 1607 270 id
1648 230 1788 271 defen—

272 305 421 355 dimus,
455 302 566 356 quod
599 301 651 342 ab
685 301 883 342 omnibus
917 300 1229 341 defendendum
1264 300 1441 350 uidetur,
1473 303 1547 341 aut
1573 301 1788 356 obpugna-

271 374 431 426 bimus,
465 371 576 426 quod
617 372 670 413 ab
711 371 909 412 omnibus
950 371 1120 413 uidetur
1158 371 1399 426 obpugnari
1441 371 1591 413 debere
1632 375 1677 412 ut
1712 386 1789 426 pro

270 445 361 484 uiro
395 443 497 484 forti
530 445 678 483 contra
710 442 980 496 parricidam.

389 513 551 568 Turpe
579 527 712 568 genus
739 514 1012 569 intellegitur,
1045 528 1139 555 cum
1167 516 1242 554 aut
1266 514 1449 554 honesta
1475 528 1542 553 res
1571 513 1787 567 obpugna-
1826 529 1842 553 5

271 587 340 624 tur
371 587 445 625 aut
478 583 718 625 defenditur
749 584 900 638 turpis,

388 654 608 696 Dubium
642 670 774 710 genus
802 658 877 708 est,
911 670 1006 696 cum
1034 655 1165 696 habet
1191 655 1233 695 in
1261 670 1305 696 se
1333 670 1461 696 causa
1487 658 1529 696 et
1554 654 1791 696 honestatis

271 728 313 766 et
344 726 622 780 turpitudinis
656 728 836 781 partem.

229 835 256 875 4
388 796 590 838 Humile
624 811 758 852 genus
791 799 866 852 est,
898 811 996 839 cum
1030 799 1279 851 contempta
1310 811 1376 837 res
1410 797 1609 838 adfertur.

174 886 179 889 ·
236 904 255 934 6
391 866 497 910 Cum
536 870 642 910 haec
679 869 740 910 ita
779 868 882 922 sint,
921 868 1149 910 conueniet
1187 868 1456 909 exordiorum
1494 869 1707 909 rationem
1741 867 1793 908 ad
1815 880 1848 908 10⁴

272 953 423 980 causae
463 953 597 995 genus
637 939 965 981 adcommodari.
1034 939 1319 980 Exordiorum
1358 938 1440 979 duo
1481 941 1581 980 sunt
1618 952 1792 993 genera:

271 1010 540 1064 principium,
573 1010 685 1065 quod
713 1010 872 1052 Graece
898 1009 1167 1064 prohemium
1197 1010 1455 1064 appellatur,
1480 1012 1522 1050 et
1547 1008 1794 1063 insinuatio,

274 1096 381 1136 quae
415 1082 575 1136 epodos
607 1082 868 1123 nominatur.

391 1152 708 1207 Principium
748 1156 827 1206 est,
866 1167 961 1194 cum
1001 1151 1147 1193 statim
1188 1151 1395 1193 auditoris
1441 1152 1631 1192 animum
1669 1151 1794 1192 nobis

273 1224 470 1265 idoneum
497 1225 711 1265 reddimus
739 1224 790 1265 ad
818 1223 1089 1265 audiendum.
1138 1222 1187 1263 Id
1213 1223 1274 1263 ita
1301 1222 1494 1276 sumitur,
1520 1225 1568 1263 ut
1595 1224 1795 1276 attentos,
1817 1238 1850 1262 15

274 1297 321 1335 ut
353 1295 523 1349 dociles,
555 1297 602 1336 ut
635 1295 859 1336 beniuolos
893 1294 1109 1335 auditores
1140 1293 1298 1334 habere
1330 1294 1557 1348 possimus.

395 1364 440 1407 Si
484 1380 618 1421 genus
669 1381 819 1408 causae
864 1366 1069 1406 dubium
1121 1365 1395 1418 habebimus,
1441 1379 1465 1405 a
1509 1363 1797 1405 beniuolentia

275 1437 530 1491 principium
566 1438 890 1488 constituemus,
921 1451 974 1477 ne
1007 1436 1106 1490 quid
1132 1436 1206 1476 illa
1231 1435 1507 1490 turpitudinis
1541 1449 1640 1489 pars
1666 1434 1792 1475 nobis

277 1509 425 1550 obesse
459 1509 606 1562 possit.

395 1578 468 1621 Sin
500 1580 690 1621 humile
723 1594 857 1635 genus
891 1579 972 1620 erit
1003 1592 1168 1633 causae,
1199 1577 1401 1619 faciemus
1435 1579 1636 1618 attentos
1819 1592 1853 1617 20

396 1650 470 1692 Sin
503 1654 651 1705 turpe
683 1665 836 1693 causae
869 1664 1002 1705 genus
1036 1650 1131 1704 erit,
1161 1649 1448 1690 insinuatione
1486 1647 1692 1689 utendum
1723 1649 1799 1700 est,

278 1723 328 1763 de
362 1737 444 1776 qua
475 1723 688 1776 posterius
715 1722 914 1775 dicemus,
945 1721 1028 1761 nisi
1054 1720 1156 1775 quid
1189 1720 1303 1761 nacti
1336 1719 1504 1773 erimus,
1537 1733 1620 1773 qua
1652 1733 1696 1759 re
1730 1717 1797 1758 ad-

279 1793 490 1835 uersarios
526 1793 789 1835 criminando
824 1791 1162 1834 beniuolentiam
1197 1792 1369 1844 captare
1402 1790 1628 1843 possimus.

398 1863 473 1906 Sin
505 1864 775 1906 honestum
808 1877 941 1919 genus
975 1877 1126 1903 causae
1160 1861 1257 1914 erit,
1294 1861 1442 1902 licebit
1480 1862 1592 1901 recte
1631 1859 1698 1900 uel
1735 1858 1799 1899 uti

278 1936 346 1977 uel
388 1951 473 1977 non
518 1936 582 1977 uti
625 1935 850 1990 principio.
925 1933 969 1975 Si
1014 1933 1077 1974 uti
1122 1933 1330 1985 nolemus,
1384 1933 1458 1972 aut
1501 1931 1544 1971 id
1586 1929 1800 1984 oportebit
1821 1946 1854 1970 25

281 2008 517 2062 ostendere,
549 2022 633 2062 qua
665 2022 708 2048 re
744 2020 872 2047 causa
905 2005 961 2045 sit
992 2005 1189 2058 honesta,
1222 2006 1297 2044 aut
1330 2002 1528 2056 breuiter,
1561 2000 1714 2055 quibus
1749 2000 1798 2040 de

278 2080 406 2120 rebus
446 2079 578 2120 simus
620 2077 796 2131 dicturi,
835 2090 1058 2131 exponere.
1127 2072 1202 2115 Sin
1239 2072 1452 2128 principio
1491 2072 1555 2113 uti
1594 2071 1801 2119 nolemus,

280 2150 333 2191 ab
378 2150 489 2205 lege,
533 2149 586 2191 ab
629 2149 838 2203 scriptura
880 2149 953 2188 aut
994 2146 1048 2187 ab
1091 2145 1235 2200 aliquo
1279 2148 1451 2186 nostrae
1491 2156 1645 2184 causae
1685 2141 1798 2183 adiu-

247 2224 423 2264 'zmento
456 2219 713 2275 principium
748 2232 898 2272 capere
931 2216 1159 2271 oportebit.
1213 2215 1423 2264 Quoniam
1449 2215 1582 2269 igitur
1608 2211 1801 2265 docilem,

280 2291 545 2345 beniuolum,
579 2293 790 2332 attentum
825 2289 1066 2330 auditorem
1104 2287 1262 2328 habere
1295 2286 1514 2339 uolumus,
1552 2299 1633 2338 quo
1675 2282 1798 2324 modo
1819 2299 1853 2324 30

280 2362 463 2416 quidque
497 2362 606 2402 effici
639 2360 787 2415 possit,
820 2360 1071 2414 aperiemus.

401 2496 422 2531 1
449 2507 564 2541 genus
592 2506 669 2530 esse
695 2496 719 2529 d
816 2493 838 2527 2
866 2491 1162 2537 oppugnabimus
1189 2492 1201 2525 Ζ
1226 2491 1264 2524 id
1291 2501 1547 2535 oppugnamus
1573 2490 1598 2523 cl
1693 2488 1716 2522 3
1739 2498 1800 2532 op-

282 2550 439 2594 pugnari
465 2550 508 2584 ld
576 2550 617 2582 ut
645 2569 685 2573 —-
707 2546 931 2591 parricidam
958 2546 1108 2580 inclusit
1132 2544 1326 2579 Roemerus
1388 2543 1411 2577 5
1432 2542 1650 2586 intelligitur
1718 2552 1799 2575 cum

282 2604 347 2636 aut
373 2604 413 2637 bl
444 2604 509 2637 aut
536 2614 618 2637 cum
638 2603 661 2636 d
711 2601 948 2645 oppugnatur
975 2599 1032 2634 ld.
1070 2599 1087 2633 7
1118 2609 1229 2632 causa
1256 2596 1459 2631 honestatis
1486 2596 1510 2630 ct
1558 2595 1582 2630 9
1609 2594 1798 2628 afferturd

285 2657 369 2689 ante
397 2655 548 2690 affertur
575 2656 616 2690 bl
695 2654 742 2688 11
772 2651 1046 2688 accommodari
1120 2651 1168 2686 13
1195 2650 1305 2695 quae]
1333 2650 1432 2692 quod
1460 2649 1471 2683 l
1551 2646 1686 2691 ἔφοδος
1713 2647 1800 2680 editt

285 2709 329 2743 17
347 2709 524 2743 habemus
549 2710 573 2743 d
634 2707 684 2742 20
711 2706 921 2751 erit-genus
947 2706 967 2740 b
1035 2704 1082 2739 ‘21
1105 2706 1161 2738 est
1187 2702 1364 2738 utendum
1391 2703 1415 2736 cl
1487 2701 1535 2735 ‘23
1563 2700 1710 2743 captare
1737 2698 1800 2732 bl‘2

285 2773 413 2805 capere
440 2763 483 2797 ld
603 2761 652 2796 ‘25
685 2760 883 2805 oportebat
914 2759 926 2793 l
1046 2757 1092 2792 27
1127 2757 1157 2791 si
1190 2758 1231 2791 ld
1351 2755 1400 2789 ‘28
1433 2754 1559 2797 aliquo
1592 2752 1800 2786 firmissimo

284 2822 429 2848 nostrae
454 2815 478 2849 d
503 2813 712 2849 firmissimo
739 2816 820 2857 post
845 2821 978 2846 causae
1007 2811 1161 2845 inseruit
1187 2809 1222 2844 Γ)
1317 2808 1366 2842 29
1393 2817 1479 2851 ergo
1507 2807 1526 2840 b
1606 2804 1656 2839 30
1682 2805 1800 2838 atten—

285 2869 365 2901 tum
393 2867 604 2901 beniuolum
632 2868 651 2900 b
725 2866 894 2900 uolumus
920 2864 1056 2899 habere
1082 2864 1107 2898 d
1179 2862 1227 2896 31
1255 2861 1383 2895 efficit
1418 2859 1563 2894 efficere
1585 2858 1604 2892 b
1636 2858 1801 2892 conficict
