2003 3116
373 155 427 196 36
946 153 1313 186 PROLEGOMENA.

371 262 475 303 XIII
509 261 663 302 litteris
697 261 841 313 paruis
874 260 1102 313 diligenter
1134 261 1186 300 ab
1226 260 1398 300 homine
1432 260 1556 301 docto
1590 261 1662 315 qui
1695 262 1893 316 plurimis

371 334 476 374 locis
520 345 618 372 suas
663 331 707 370 in
752 330 884 370 uerba
922 330 1144 384 scriptoris
1183 330 1328 370 intulit
1366 331 1649 372 coniecturas.
1711 330 1894 373 Constat

370 403 486 443 foliis
521 402 588 454 72,
629 415 777 442 uersus
821 400 953 441 habet
984 400 1029 440 in
1067 415 1151 441 una
1184 416 1350 456 quaque
1383 402 1541 457 pagina
1579 402 1646 444 38.
1709 402 1797 444 Fol.
1831 404 1894 444 lr.

372 487 551 513 uacuum
585 474 662 524 est,
693 471 765 513 fol.
792 472 865 512 111.
887 496 941 501 -
963 472 1058 512 3812
1093 472 1288 513 continet
1320 464 1466 513 libros*
1488 473 1537 513 de
1569 474 1667 526 inu„
1698 472 1771 515 fol.
1798 474 1895 515 38r.

371 567 425 571 —
450 543 549 583 7211.
583 542 718 583 1110103
751 542 804 583 ad
837 541 940 584 Her.
972 557 1106 597 usque
1140 543 1191 583 ad
1219 542 1281 584 IV
1307 543 1376 597 53,
1403 544 1457 585 66
1490 544 1536 584 in
1559 544 1702 597 plures
1732 544 1793 585 rei
1823 544 1896 585 ubi

372 613 656 655 subscribitur
681 612 846 654 FINIS.
896 613 1087 655 Notatur
1113 614 1238 655 nobis
1266 614 1414 655 littera
1441 615 1484 656 cl:
1512 613 1771 656 contulimus
1798 614 1892 668 ipsi.

107 686 227 711 ⁰⁰¹¹¹⁰i³
259 684 370 727 ¹⁰¹⁵S¹¹¹i
492 683 569 725 His
601 684 739 725 tribus
774 684 891 725 codd.
925 684 1078 738 quibus
1113 684 1214 725 solis
1247 684 1400 725 nititur
1432 685 1622 726 recensio
1655 685 1727 725 lib.
1754 685 1773 725 I
1806 699 1895 738 cap.

147 721 281 746 familiae
303 720 332 744 h.

92 2406 135 2429 Dc
172 2404 356 2429 emendatio-

91 2441 138 2465 nis
165 2441 274 2465 studiis
298 2448 355 2465 me—

155 2476 198 2500 dii
218 2476 293 2501 acui,

375 755 486 797 1—5
513 756 862 809 recuperabimus
890 756 979 797 cod.
1007 755 1127 796 illum
1153 761 1188 795 E
1215 755 1324 795 unde
1351 755 1608 808 exemplaria
1634 755 1718 796 tria
1744 755 1894 797 classis

370 826 527 880 prioris
571 826 684 866 inter
729 840 774 867 se
807 825 910 867 satis
954 825 1122 866 diuersa
1163 840 1270 878 quae
1317 825 1509 866 codicum
1548 826 1633 866 bld
1673 826 1895 880 archetypi

369 897 486 939 fuere
519 897 688 949 expleta
720 898 829 937 sunt.
879 895 1113 949 Exemplar
1138 895 1244 936 illud
1272 896 1469 936 mutilum
1498 895 1606 936 unde
1633 896 1659 936 b
1688 896 1893 938 deductus

371 971 436 1010 est
474 969 741 1010 simillimum
775 967 814 1008 H
856 967 987 1009 fuisse
1029 967 1189 1022 passim
1230 967 1433 1008 cernitur:
1473 967 1582 1008 conf.
1621 967 1748 1009 modo
1787 982 1892 1022 quae

371 1039 432 1080 IV
454 1039 825 1093 50‚63—51‚64,
871 1039 1150 1080 adnotantur:
1195 1038 1351 1079 codicis
1397 1038 1422 1078 d
1467 1038 1722 1092 archetypus
1767 1039 1890 1079 ualde

371 1111 655 1165 interpolatus
689 1113 779 1152 erat
812 1113 854 1151 et
881 1108 913 1150 C
945 1110 1138 1151 similior.
1191 1109 1306 1158 Quos
1338 1112 1511 1163 praeter
1543 1109 1621 1150 hos
1655 1113 1698 1150 et
1729 1124 1778 1150 ex
1812 1110 1893 1150 edi-

370 1182 563 1223 tionibus
596 1184 637 1223 et
671 1181 841 1222 aliunde
873 1181 1070 1222 nouimus
1103 1180 1229 1221 huius
1263 1181 1411 1222 classis
1438 1180 1604 1221 codices
1632 1180 1891 1234 innumeros,

372 1269 442 1295 eos
475 1254 542 1294 his
575 1268 668 1294 esse
702 1252 934 1294 deteriores
968 1252 1115 1293 multis
1148 1252 1253 1293 locis
1287 1254 1476 1306 apparet.
1535 1250 1724 1293 Saliuam
1758 1252 1894 1292 mouit

371 1325 461 1366 cod.
492 1324 630 1366 Musei
662 1323 903 1365 Britannici
936 1323 1076 1364 11916
1108 1321 1451 1378 Langobardicis
1485 1322 1641 1363 litteris
1676 1337 1784 1364 saec.
1811 1321 1894 1363 XII

373 1397 555 1451 scriptus
592 1395 715 1438 sicuti
750 1395 1064 1436 Laurentianus
1097 1393 1155 1435 LI
1190 1394 1244 1435 10
1276 1394 1394 1435 cuius
1432 1396 1600 1447 partem
1641 1407 1896 1447 cognoscere

371 1467 472 1508 licet
522 1481 571 1508 ex
623 1466 797 1507 Aemilii
848 1464 1109 1507 Chatelainii
1160 1464 1471 1519 Paleographie
1527 1465 1600 1505 des
1660 1464 1894 1518 classiques

372 1539 501 1580 latins
546 1538 631 1579 tab.
666 1536 805 1578 XVII.
873 1536 1004 1577 Illum
1046 1536 1208 1577 contuli
1253 1535 1345 1590 ipse
1382 1535 1582 1577 Londinii
1622 1535 1748 1576 sicuti
1787 1535 1898 1576 Har-

372 1610 557 1651 leianum
585 1608 701 1650 2510
728 1622 909 1663 quorum
940 1610 1141 1648 neutrum
1175 1607 1349 1661 dignum
1382 1606 1524 1648 inueni
1556 1606 1629 1661 qui
1660 1606 1746 1649 illis
1773 1621 1893 1660 prae-

371 1681 550 1722 feratur:
583 1680 696 1720 1111110
728 1678 904 1733 reliquis
940 1679 1297 1733 praestantiorem
1336 1692 1422 1719 non
1456 1692 1548 1718 esse
1581 1692 1631 1718 ex
1665 1679 1895 1732 specimine

373 1752 425 1792 ab
458 1751 643 1793 Aemilio
678 1748 947 1792 Chatelainio
980 1750 1203 1804 proposito
1236 1750 1533 1805 cognouimus3
1572 1748 1892 1804 Sangallensem

373 1823 457 1865 852
497 1824 616 1865 0111113
656 1822 896 1876 exemplum
936 1822 1048 1875 apud
1081 1819 1396 1863 Chatelainium
1435 1822 1462 1862 1.
1495 1835 1526 1861 3.
1559 1821 1681 1862 nobis
1721 1823 1894 1875 praesto

373 1897 438 1935 est
473 1895 561 1935 iam
600 1894 652 1935 ab
693 1892 850 1934 Orellio
897 1893 1052 1934 301111113
1098 1907 1191 1934 6336
1228 1893 1483 1947 neglectum.
1546 1892 1774 1933 Praeterea
1816 1907 1895 1934 nos

372 1968 520 2007 nostro
558 1965 648 2005 iure
688 1964 899 2006 credimus
938 1963 1177 2019 neglexisse
1216 1964 1381 2005 codices
1420 1963 1547 2004 huius
1579 1963 1769 2004 familiae
1802 1978 1896 2017 per-

373 2037 530 2078 multos
576 2051 600 2077 a
642 2036 825 2091 singulis
871 2035 1068 2089 deinceps
1114 2035 1350 2076 editoribus
1389 2050 1414 2076 a
1453 2034 1636 2076 Grutero
1675 2033 1893 2076 Gronouio

373 2107 574 2149 Ernestio
608 2107 702 2148 aliis
736 2107 926 2161 prolatos
959 2109 1001 2148 et
1033 2106 1262 2158 adhibitos,
1296 2105 1505 2160 siquidem
1538 2106 1769 2147 absurdum
1803 2108 1896 2147 erat

374 2181 547 2233 propter
584 2193 714 2219 unam
753 2179 989 2219 alteramue
1028 2192 1135 2231 quae
1174 2177 1287 2218 bona
1325 2179 1400 2218 aut
1437 2179 1530 2218 erat
1566 2179 1640 2218 aut
1671 2177 1896 2218 uidebatur

374 2264 465 2291 esse
505 2249 758 2303 scripturam
797 2249 964 2303 ingenti
1001 2249 1367 2302 ineptissimarum
1406 2248 1639 2290 lectionum
1678 2248 1894 2303 farragine

374 2335 551 2362 onerare
585 2322 627 2361 et
659 2320 863 2374 impedire
897 2320 1140 2361 editionem.

497 2390 577 2432 Sed
621 2391 665 2431 in
711 2391 989 2433 aestimandis
1034 2391 1159 2431 huius
1199 2390 1350 2431 classis
1381 2397 1416 2430 E
1449 2390 1571 2431 libris
1609 2391 1717 2431 nihil
1758 2391 1895 2446 magis

378 2463 612 2504 cauendum
658 2465 723 2503 est
767 2477 895 2517 quam
938 2476 990 2503 ne
1036 2477 1085 2502 ea
1128 2476 1173 2502 re
1213 2461 1472 2515 decipiamur
1510 2462 1622 2515 quod
1666 2463 1710 2502 in
1754 2463 1894 2516 aliquo

375 2549 482 2576 saec.
515 2533 621 2574 XIII
660 2533 891 2587 exemplari
931 2531 1331 2586 Oudendorpiorum
1370 2531 1643 2573 Halmiorum
1685 2532 1895 2586 Kaysero-

375 2621 469 2646 rum
518 2605 747 2646 lectionem
798 2603 1068 2645 emendatam
1119 2603 1361 2644 inuenimus
1417 2617 1505 2644 non
1556 2618 1605 2644 ex
1662 2603 1895 2658 archetypo

375 2678 566 2717 omnium
605 2676 768 2730 optimo
809 2675 1067 2728 descriptam
1111 2674 1181 2715 sed
1226 2674 1391 2728 ingenii
1435 2674 1630 2715 acumine
1671 2688 1895 2728 praeoccu-

375 2751 533 2801 patam.
589 2747 728 2788 Pauca
772 2749 941 2787 tantum
987 2746 1177 2786 adferam
1223 2746 1426 2799 exempla.
1496 2743 1596 2787 Cod.
1636 2744 1894 2786 Beruensem

375 2818 459 2859 469
494 2832 619 2872 quem
653 2817 850 2858 adhibuit
875 2815 1202 2857 GFriedrichius
1239 2817 1282 2857 in
1315 2817 1411 2858 edit.
1439 2817 1552 2871 Lips.
1585 2831 1620 2856 a.
1657 2816 1780 2869 1884,
1818 2831 1894 2857 no—

375 2889 487 2929 tauit
522 2889 670 2929 littera
702 2889 746 2941 β,
784 2903 879 2929 011111
919 2887 1064 2928 muItis
1103 2888 1207 2928 locis
1242 2902 1289 2928 ea
1326 2888 1527 2941 praebere
1565 2887 1753 2927 uiderem
1788 2902 1894 2942 quae
