2003 3116
33 1568 76 1594 De
106 1568 297 1594 Romaniano

69 1605 258 1636 Tagastensi.

331 128 355 154 ί)
904 121 1272 154 PROLEGOMENA.

330 159 352 166 ..a

329 249 418 275 esse
463 248 538 287 pro
583 233 700 272 recto
743 231 817 270 aut
860 227 1034 268 tertiam
1079 240 1307 279 personam
1351 240 1427 279 pro
1473 227 1656 267 secunda
1699 227 1761 268 ita
1798 229 1845 267 ut

327 305 445 345 uiuat
482 301 737 342 uocabulum
776 296 1084 339 interiectionis
1122 296 1213 337 uice
1249 295 1456 351 fungatur
1495 310 1642 350 expers
1681 296 1843 338 factum

329 371 654 427 coniugationis.
716 368 828 410 Illud
860 371 1005 409 tamen
1036 367 1128 408 fieri
1162 366 1429 421 probabilius
1463 381 1554 408 esse
1587 369 1634 408 ut
1665 367 1845 408 arbitre-

328 459 422 485 mur
455 457 582 497 quam
620 441 701 482 hoc
739 455 787 481 eo
828 439 1076 481 adducimur
1114 438 1226 493 quod
1263 438 1364 480 licet
1397 437 1616 479 Aureliani
1654 439 1844 492 tempore

327 512 593 555 cantauerint
629 511 750 566 pueri
787 511 898 552 mille
931 511 1053 552 uiuat
1082 510 1153 563 qui
1182 510 1294 551 mille
1325 510 1468 551 occidit
1497 507 1689 564 (Vopisc.
1715 509 1845 549 Aure-

325 585 423 625 lian.
455 582 518 640 6),
561 585 706 624 tamen
749 583 871 624 uiuat
913 596 962 623 eo
1009 596 1092 635 quo
1137 581 1377 636 significaui
1421 580 1546 621 modo
1592 580 1844 633 usurpatum

325 670 415 696 esse
443 669 537 696 cum
565 654 814 708 saepissime
841 655 1036 695 occurrat
1061 652 1311 693 acclamatio
1338 652 1413 692 illa
1438 652 1562 693 uittas
1593 651 1636 691 in
1669 650 1845 704 inscrip-

324 726 516 767 tionibus
548 740 632 767 non
660 725 846 779 inuenio,
877 724 1138 765 Rootzaniane
1162 724 1284 765 uiuat
1308 737 1386 777 pro
1413 722 1699 764 Rommziamcs
1724 722 1846 762 uiuat

324 811 374 837 ex
418 796 621 838 Afrorum
667 795 973 837 consuetudine
1018 794 1220 848 loquendi
1268 793 1458 848 legitime
1504 793 1586 833 dici
1637 793 1844 846 probatur

322 868 570 910 testimonio
615 867 945 921 inscriptionum
989 865 1143 906 ueluti:
1194 864 1285 906 CIL
1318 864 1424 905 VIII
1458 865 1502 918 1,
1528 864 1643 904 2110
1676 862 1718 905 C.
1745 863 1845 916 Fufi

323 939 512 981 Illaoeime
535 939 643 979 uixit
666 952 734 979 cm.
757 936 1015 978 XXXV...
1048 937 1087 985 2,
1103 935 1216 977 8718
1243 935 1292 976 L.
1312 934 1400 976 [ali
1413 935 1564 988 Rufino
1588 935 1698 975 uixit
1721 935 1845 975 annis

323 1010 551 1051 LXXXV
576 1009 691 1052 8760
711 1009 868 1062 Εφῑαύί
885 1007 1056 1050 Gemine
1074 1007 1184 1048 uixit
1203 1039 1211 1046 .
1234 1039 1241 1047 .
1262 1038 1271 1048 .
1303 1005 1420 1047 9820
1442 1005 1636 1047 Videmus
1656 1004 1845 1047 Maxime

323 1082 451 1123 uixit:
491 1080 600 1122 conf.
632 1081 759 1122 9870.
793 1080 907 1121 9948
941 1081 983 1119 et
1018 1078 1184 1131 1218?
1234 1077 1283 1118 L.
1314 1077 1405 1118 Lelz‘
1447 1075 1618 1118 Silztane
1661 1077 1844 1118 sacerdos

325 1152 500 1195 Saturni
533 1154 672 1194 uotum
708 1151 841 1192 soluit.
903 1149 993 1190 Nec
1024 1164 1112 1190 non
1145 1149 1240 1190 aliis
1276 1147 1538 1203 argumentis
1571 1147 1615 1187 in
1648 1146 1842 1188 Africam

323 1227 481 1264 terram
515 1222 773 1264 deducimur.
835 1220 947 1262 Nam
978 1220 1344 1262 Romanianorum
1376 1233 1530 1260 nomen
1563 1233 1660 1260 raro
1685 1218 1729 1259 in
1756 1234 1844 1261 nio-

322 1295 540 1336 numentis
587 1293 745 1335 saeculi
781 1291 845 1333 IV
878 1292 1072 1333 offertur:
1117 1305 1269 1346 parum
1312 1290 1395 1331 huc
1432 1290 1620 1343 pertinet
1658 1289 1751 1332 CIL
1783 1290 1845 1331 VI

328 1370 362 1420 1,
384 1367 465 1408 721
494 1365 567 1407 ubi
597 1379 753 1406 nomen
781 1363 1072 1405 Romaniamts
1099 1377 1123 1403 a
1149 1361 1320 1403 nomine
1346 1361 1578 1403 Romanius
1603 1361 1671 1403 uel
1694 1361 1845 1403 Roma-

322 1451 400 1479 nus
437 1437 586 1478 deduci
630 1438 773 1490 potest
811 1449 888 1477 nec
927 1433 1021 1476 CIL
1058 1433 1124 1475 III
1156 1433 1338 1487 2‚4182
1380 1432 1453 1474 ubi
1491 1432 1569 1473 filii
1608 1446 1845 1487 cognomen

322 1508 612 1549 Romcmiamcs
642 1522 666 1548 a
693 1506 948 1562 cognomine
982 1507 1161 1560 paterno
1190 1504 1403 1545 Romanus
1435 1506 1581 1557 aperte
1615 1503 1845 1545 deducitur.

320 1580 378 1620 At
423 1580 467 1620 in
512 1578 659 1620 Africa
704 1593 816 1620 anno
862 1577 949 1618 fere
993 1576 1078 1618 350
1117 1575 1410 1617 Romanianus
1450 1574 1621 1630 quidam
1664 1573 1846 1615 florebat

316 1653 573 1706 praepotens
608 1653 650 1691 et
683 1649 906 1704 praediues
940 1647 1236 1702 Tagastensis,
1278 1646 1499 1687 rhetorum
1532 1645 1667 1686 ueluti
1699 1644 1844 1699 Augu-

319 1723 420 1764 stini
457 1721 685 1775 municipis
726 1721 789 1762 sui
822 1720 984 1772 fautor,
1022 1718 1203 1760 Licentii
1242 1719 1396 1772 poetae
1428 1716 1670 1770 Vergiliani
1705 1718 1843 1770 pater:

318 1794 436 1835 cuius
475 1793 525 1834 de
565 1792 725 1834 diuitiis
762 1791 871 1834 conf.
905 1791 1137 1846 Augustin.
1171 1789 1351 1831 confess.
1379 1787 1442 1829 VI
1474 1802 1563 1841 cap.
1593 1787 1647 1827 14
1678 1787 1761 1827 uol.
1789 1786 1844 1827 32

318 1880 396 1906 ser.
417 1864 437 1905 I
462 1881 501 1919 p.
525 1865 606 1906 731
632 1863 693 1905 ed.
714 1862 846 1918 Mign.
897 1861 1026 1903 Anno
1060 1861 1147 1902 fere
1182 1860 1268 1902 385
1302 1874 1385 1914 quo
1413 1858 1680 1913 Augustinus
1712 1872 1844 1911 prope

319 1936 459 1977 aulam
485 1934 784 1977 Valentiniani
812 1933 853 1974 ΙΙ
886 1932 1118 1975 Mediolani
1151 1931 1338 1973 rhetoris
1373 1944 1547 1971 munere
1585 1929 1845 1984 fungebatur

318 2007 632 2049 Romanianum
667 2019 814 2060 yraues
851 2008 984 2046 aestas
1022 2004 1271 2057 neyotc'orum
1309 2015 1477 2043 suorum
1516 2002 1572 2042 ad
1609 2001 1843 2042 comitatum

317 2081 585 2121 attraxerant.
642 2077 768 2118 Anno
807 2077 1058 2130 insequente
1096 2074 1196 2115 libri
1231 2072 1461 2128 Augustini
1503 2074 1652 2114 contra
1683 2071 1843 2113 Acade-

319 2151 451 2192 micos
485 2150 537 2191 ad
568 2149 885 2191 Romanianum
919 2146 1040 2188 missi
1075 2147 1174 2187 sunt
1208 2159 1332 2199 quem
1364 2144 1408 2185 in
1440 2143 1669 2197 prooemiis
1702 2143 1843 2184 admo-

318 2221 418 2262 dum
448 2220 682 2262 honorifice
716 2219 905 2274 appellat
931 2220 979 2259 ut
1005 2216 1244 2259 studiorum
1280 2229 1457 2257 suorum
1482 2214 1700 2272 fautorem·
1726 2213 1842 2255 nobi-

318 2293 402 2333 lem
436 2295 478 2333 et
507 2292 737 2333 honestum
769 2290 836 2331 his
869 2289 1012 2330 uerbis
1040 2289 1209 2344 (contra
1237 2287 1366 2328 Acad.
1387 2285 1430 2327 II
1457 2300 1544 2339 cap.
1566 2284 1654 2326 113
1681 2285 1764 2325 uol.
1785 2285 1841 2325 32

319 2378 399 2404 ser.
424 2362 445 2403 I
477 2378 516 2417 p.
542 2363 628 2403 920
662 2361 722 2403 ed.
757 2359 926 2415 Mign.):
966 2359 1053 2400 ‘Tu
1093 2373 1160 2399 me
1200 2357 1564 2399 adulescentulum
1610 2369 1839 2410 pauperem

321 2433 372 2476 ad
410 2433 638 2489 peregrina
677 2431 817 2474 studia
855 2433 1104 2486 pergentem
1139 2431 1182 2470 et
1215 2428 1340 2470 domo
1375 2430 1417 2469 et
1449 2428 1620 2481 sumptu
1654 2428 1696 2467 et
1728 2426 1839 2480 quod

319 2506 413 2559 plus
452 2506 517 2546 est
556 2504 697 2545 animo
736 2502 941 2557 excepisti
1081 2501 1145 2542 Tu
1182 2500 1225 2541 in
1266 2502 1413 2541 nostro
1458 2499 1551 2552 ipso
1597 2497 1840 2551 municipio,

319 2577 477 2630 fauore,
503 2575 811 2627 familiaritate,
831 2572 1217 2615 communicatione
1239 2571 1388 2612 domus
1417 2572 1514 2610 tuae
1541 2582 1674 2623 paene
1700 2570 1838 2608 tecum

320 2647 482 2688 clarum
513 2647 821 2700 primatemque
855 2658 921 2685 me
954 2643 1107 2685 fecisti.
1159 2642 1223 2684 Tu
1251 2640 1558 2695 Carthaginem
1590 2638 1837 2679 illustrioris

320 2717 599 2772 professionis
632 2715 772 2771 gratia
805 2717 1065 2756 remeantem
1098 2728 1192 2755 cum
1224 2713 1303 2754 tibi
1337 2712 1419 2753 soli
1447 2714 1489 2752 et
1514 2723 1705 2751 meorum
1734 2708 1838 2749 nulli

321 2788 544 2830 consilium
578 2801 780 2842 spemque
814 2785 1074 2841 aperuissem
1113 2784 1309 2838 quamuis
1350 2783 1617 2836 aliquantum
1651 2780 1726 2820 illo
1758 2779 1838 2820 tibi

321 2860 467 2910 insito,
510 2859 609 2913 quia
651 2858 706 2899 ibi
744 2857 829 2899 iam
867 2857 1091 2907 docebam,
1136 2854 1300 2909 patriae
1346 2867 1489 2894 amore
1529 2853 1750 2893 cunctatus
1794 2864 1837 2891 es
