2003 3116
672 120 1041 154 PROLEGOMENA.
1563 120 1619 161 59

104 242 276 282 μναστον
307 229 459 271 ἐκεῖνον
489 230 555 270 καὶ
592 227 678 271 οἷον
715 231 836 271 εἰπεῖν
875 230 1062 283 ἀκίνητον
1098 231 1197 284 πρὸς
1233 238 1353 271 ταῦτα
1386 231 1620 283 ποιήσομεν,

102 287 189 330 Ἐπὶ
226 291 377 338 τούτοις
413 289 528 338 ἄλλος
565 289 661 347 ἄλλῃ
705 290 823 331 πλέον
867 289 1063 343 ὁμοιότητι
1107 292 1369 344 διεγείρονται.
1431 290 1509 330 Καὶ
1547 291 1621 344 γὰρ

103 349 228 403 ὥσπερ
267 350 451 398 πολλάκις
492 357 625 405 μορφῇ
662 350 739 390 τινὶ
775 350 892 402 τήνδε
936 350 1007 402 τὴν
1044 350 1204 403 μορφὴν
1242 350 1409 391 ἐοικέναι
1447 349 1621 404 λέγοντες

102 409 150 449 οὗ
190 409 339 456 πάντας
377 409 511 462 ἔχομεν
549 416 850 461 συναινοῦντας,
894 410 951 449 ὅτι
993 425 1034 462 γε
1078 409 1169 450 ἄλλο
1209 411 1321 450 δοκεῖ
1357 409 1475 466 ἄλλῳ·
1519 410 1621 450 οὕτω

101 469 247 522 γίνεται
290 468 364 508 κάν
406 473 490 516 ταῖς
533 468 697 520 εἰκόσιν,
741 470 882 516 αἵτινες
926 467 1021 521 ἡμῖν
1065 468 1236 522 ἀκριβῶς
1278 470 1470 523 γνώριμοί
1510 470 1621 515 εἰσιν,

102 523 216 567 αὗται
259 528 382 581 βραχύ
426 543 462 567 τι
499 528 685 567 δοκοῦσιν
729 524 828 567 εἶναι
872 529 1077 579 διαφανεῖς
1114 528 1274 581 ἑτέροις·
1325 529 1422 569 ὅθεν
1460 527 1621 569 ἕκαστον

103 586 227 643 ἑαυτῷ
258 587 329 640 χρὴ
367 586 434 634 τὰς
468 587 622 634 εἰκόνας
653 586 750 626 κατὰ
782 587 853 638 τὴν
886 588 1034 627 οἰκείαν
1065 587 1355 640 ἐπιτηδειότητα
1385 589 1622 628 κατασκευά-

102 648 191 694 ζειν.
243 649 471 686 Τελευταῖον
509 646 622 699 ἔργον
659 645 738 686 ἐστὶ
777 647 1013 687 διδασκάλου
1052 647 1270 699 διδάσκειν,
1315 648 1420 695 ὅπως
1461 647 1622 688 ἕκαστον

102 707 303 757 ζητεῖσθαι
333 705 540 759 προσήκει,
577 705 642 745 καὶ
674 705 780 745 τουτὶ
811 705 927 758 τυχὸν
957 705 983 757 ἢ
1015 723 1050 746 τι
1081 705 1225 759 ἕτερον,
1263 707 1310 747 οὐ
1347 708 1474 747 πάντα
1505 707 1546 747 δὲ
1578 708 1623 747 τὰ

101 772 170 805 τοῦ
209 764 332 805 αὐτοῦ
369 764 509 818 γένους
546 766 658 818 χάριν
694 766 1003 818 παραδείγματος
1040 766 1296 818 ὑποβάλλειν,
1335 766 1440 814 ὅπως
1479 766 1528 806 ἂν
1562 768 1623 818 εἴη

102 824 142 864 τὸ
184 831 341 877 πρᾶγμα
378 824 626 877 σαφέστερον.
676 823 827 876 ’Ὠσπερ
867 825 978 873 ὅταν,
1016 824 1068 872 ὡς
1101 826 1165 864 δεῖ
1189 825 1235 865 τὰ
1265 827 1452 878 προοίμια
1484 828 1623 878 ζητεῖν,

103 884 384 937 διαλεγώμεθα,
416 884 532 937 λόγον
564 884 606 924 ἐν
637 884 893 937 ὑποδείγματι
923 885 1078 932 πάντως
1104 884 1212 940 ἁπλῷ
1239 886 1424 937 διδόαμεν
1450 893 1518 938 τῆς
1547 892 1624 925 τῶν

101 945 318 995 προοιμίων
355 943 559 996 εὑρέσεως,
597 943 645 983 οὐ
682 944 782 996 χίλια
813 945 1031 997 προοιμίων
1061 943 1157 997 γένη
1190 946 1484 998 συγγράφομεν·
1523 946 1624 986 οὕτω

106 1004 311 1056 νομίζομεν
342 1003 430 1057 περὶ
461 1010 536 1043 τῶν
569 1003 732 1043 εἰκόνων
763 1004 945 1056 γίνεσθαι
976 1005 1071 1043 δεῖν.

219 1083 377 1126 XXIV
423 1089 516 1126 Νῦν
543 1084 578 1126 δ’
603 1087 667 1126 ἵνα
698 1086 751 1138 μὴ
783 1087 899 1139 τυχὸν
931 1087 1003 1138 τὴν
1034 1094 1111 1127 τῶν
1137 1088 1261 1140 λόγων
1289 1088 1449 1139 μνήμην
1475 1087 1501 1140 ἢ
1526 1088 1623 1138 σφό-

103 1147 176 1199 δρα
208 1145 444 1186 δύσκολον
431 1145 457 1198 ἠ
488 1147 649 1198 μετρίως
682 1145 878 1198 ὠφέλιμον
909 1148 1068 1203 κρίνῃς,
1106 1147 1160 1186 ε’τι
1192 1144 1228 1186 δ’
1253 1148 1318 1187 ἱνα
1349 1147 1415 1187 καὶ
1445 1154 1514 1221 της
1546 1155 1622 1186 τῶν

103 1205 338 1258 πραγμάτων
371 1223 527 1258 μνήμης
559 1205 765 1259 ἀγαπητῶς
797 1206 886 1262 ἕχης
917 1206 958 1246 ἐκ
985 1213 1061 1246 τῶν
1074 1206 1316 1259 εἰρημένων
1350 1208 1407 1247 ότι
1432 1207 1497 1247 καὶ
1524 1206 1624 1258 ὠφε-

101 1265 294 1317 λιμωτάτη
338 1265 416 1305 ἐστὶ
458 1266 523 1305 καὶ
566 1269 694 1316 πολλῷ
739 1265 858 1305 πλέον
902 1267 1196 1319 προχειροτάτη,
1241 1266 1312 1318 τὴν
1350 1267 1425 1318 σὴν
1470 1265 1625 1319 ἀγάπην

102 1323 369 1377 παραινετέον,
402 1322 453 1364 δι’
476 1326 615 1377 «ἥντινα
650 1325 717 1376 τὴν
750 1326 877 1364 αἰτίαν
908 1325 980 1377 τὴν
1012 1332 1088 1365 τῶν
1120 1326 1244 1378 λόγων
1280 1326 1352 1366 οὐκ
1384 1326 1624 1378 ἀποδοκιμά-

103 1386 216 1436 ζομεν
237 1384 408 1436 μνήμην.
465 1386 690 1437 Νομίζομεν
709 1402 782 1438 γαρ
802 1386 894 1432 τοὺς
919 1384 1223 1438 βουλομένους
1212 1387 1448 1439 πραγμάτων
1474 1384 1626 1441 ράστων

103 1443 273 1492 ἀπόνως,
304 1443 551 1497 ἀνεπαχθῶς,
584 1445 728 1499 ραδίως
755 1449 981 1517 μεμνῆσθαι
1013 1446 1095 1484 δεῖν
1126 1445 1168 1485 ἐν
1200 1446 1398 1498 πράγμασι
1430 1447 1626 1485 δυσκολω-

103 1503 224 1555 τέροις
257 1499 356 1543 εἶναι
385 1510 541 1557 πρῶτον
565 1503 920 1557 γεγυμνασμένους.
971 1504 1048 1543 Δια
1074 1512 1186 1545 τοῦτο
1212 1505 1277 1544 καὶ
1302 1505 1374 1556 τὴν
1400 1512 1476 1544 τῶν
1501 1505 1626 1577 λόγων

103 1579 264 1616 μνημην
295 1563 513 1616 εἰσάγομεν,
546 1564 616 1616 οὐχ
648 1564 714 1603 ι’να
739 1565 870 1616 στίχου
897 1568 1122 1616 μεμνῆσθαι
1149 1565 1378 1617 δυνώμεθα,
1412 1562 1493 1604 ἀλλ’
1521 1565 1626 1612 ὅπως

102 1621 152 1662 ἂν
171 1621 214 1662 ἐκ
233 1623 376 1673 ταύτης
400 1629 469 1674 τῆς
495 1622 693 1674 ἀσκήσεως
713 1621 737 1674 ἡ
758 1630 835 1663 τῶν
854 1624 1091 1676 πραγμάτων
1111 1624 1245 1676 μνήμη
1266 1622 1291 1675 ἡ
1312 1624 1410 1677 πρὸς
1437 1623 1625 1676 ὠφέλειαν

103 1682 264 1733 μάλιστα
295 1683 476 1722 τείνουσα
506 1684 766 1735 βεβαιωθείη,
797 1682 862 1722 καὶ
894 1682 969 1722 ἀπὸ
1003 1690 1070 1735 τῆς
1103 1683 1295 1723 δυσκόλου
1327 1685 1470 1736 ταύτης
1503 1697 1624 1735 συνη-

102 1742 214 1788 θείας
240 1740 397 1789 ἀπόνως
421 1742 519 1794 πρὸς
549 1742 622 1794 τὴν
647 1742 690 1781 ἐν
721 1742 885 1790 ἐκείνοις
914 1742 1096 1782 εὐκολίαν
1129 1744 1314 1795 διαβῆναι
1341 1745 1623 1795 δυνηθείημεν.

96 1797 196 1840 Ἀλλ’
220 1801 346 1853 ὥσπερ
372 1801 415 1841 ἐν
439 1801 557 1841 παντὶ
581 1802 785 1854 μαθήματι
810 1801 986 1853 ἀσθενής
1012 1801 1115 1842 ἐστιν
1139 1801 1164 1854 ἡ
1186 1810 1253 1855 τῆς
1279 1802 1414 1856 τέχνης
1441 1804 1625 1843 διδασκα-

101 1861 163 1899 λία
197 1860 312 1913 χωρὶς
343 1859 465 1915 ἄκρας
496 1863 747 1914 προσεδρείας
778 1862 844 1901 καὶ
875 1861 1094 1913 ἀσκήσεως,
1130 1863 1232 1902 οὕτω
1272 1863 1320 1914 δὴ
1360 1863 1425 1902 καὶ
1462 1863 1505 1902 ἐν
1543 1868 1626 1910 ταῖς

103 1919 275 1972 μνήμαις
312 1920 376 1960 ε’πὶ
411 1921 514 1961 πολὺ
546 1922 667 1974 ἰσχύει
699 1920 724 1972 ἡ
757 1921 948 1972 μέθοδος,
987 1921 1081 1961 ὥστε
1114 1922 1186 1972 τὴν
1218 1922 1389 1973 εὐφυΐαν
1421 1923 1530 1979 πόνῳ
1562 1923 1627 1962 καὶ

102 1980 256 2035 σπουδῇ
292 1979 358 2019 καὶ
395 1979 589 2035 ἐπιμελείᾳ
627 1982 921 2021 συνεπιδοῦναι.
982 1985 1059 2020 Δεῖ
1096 1989 1194 2033 γοῦν
1235 1983 1477 2033 φροντίζειν,
1522 1982 1627 2030 ὅπως

103 2038 198 2087 ἕξεις
228 2040 385 2086 πλείους
417 2040 561 2087 τόπους
592 2040 658 2080 καὶ
689 2039 741 2088 ὡς
774 2041 936 2092 μάλιστα
967 2039 1182 2092 ἀρμοδίους
1214 2041 1279 2080 καὶ
1311 2041 1409 2094 πρὸς
1440 2041 1485 2080 τὰ
1519 2042 1627 2080 διδα-

105 2098 249 2150 χθέντα
276 2099 581 2151 συμβαίνοντας,
612 2099 679 2139 καὶ
703 2101 945 2152 γυμάζεσθαι
970 2096 1065 2138 καθ’
1088 2098 1237 2151 ἡμέραν
1268 2100 1311 2140 ἐν
1343 2105 1394 2156 τῷ
1427 2101 1495 2148 τὰς
1527 2101 1626 2140 εἰκό-

103 2174 176 2205 νας
207 2157 447 2198 συντιθέναι.
500 2158 559 2198 Οὐ
590 2158 663 2211 γὰρ
695 2159 822 2211 ὥσπερ
848 2158 891 2198 έν
916 2163 999 2206 ταῖς
1031 2158 1176 2211 ἑτέραις
1209 2160 1401 2207 σπουδαῖς
1432 2161 1626 2213 καταχρώ-

104 2221 208 2268 μεθα
239 2217 423 2265 πολλάκις
461 2216 619 2273 ἀσχολία
655 2233 694 2258 τε
731 2218 798 2258 καὶ
834 2223 1107 2273 περισπασμῷ,
1147 2220 1248 2258 οὕτω
1279 2219 1344 2258 καὶ
1377 2219 1453 2259 ἀπὸ
1484 2221 1631 2264 τούτου,

104 2283 172 2316 τοῦ
204 2277 428 2329 πράγματος
460 2278 627 2317 δύναταί
656 2293 713 2326 τις
744 2276 848 2330 ἡμᾶς
879 2279 983 2318 αἰτία
1015 2277 1188 2330 ἀπάγειν.
1244 2278 1303 2318 Οὐ
1336 2278 1408 2332 γὰρ
1438 2278 1541 2318 ἔστιν
1568 2279 1628 2319 ὅτε

105 2336 175 2388 οὐχ
211 2333 347 2388 ἕξομέν
384 2352 419 2375 τι
457 2337 598 2376 δοῦναι
637 2344 682 2392 τῇ
725 2337 880 2394 μνήμῃ,
924 2337 989 2377 καὶ
1033 2338 1195 2389 μάλιστα
1238 2338 1331 2377 ὅταν
1369 2338 1446 2378 τινὶ
1483 2340 1630 2390 μείζονι

104 2395 369 2448 ὑπηρετήματι
388 2397 650 2449 κατεχώμεθα.
700 2396 778 2436 Διά
798 2404 911 2437 τοῦτο
933 2398 1038 2450 εἴπερ
1065 2396 1168 2436 ἔστιν
1194 2396 1391 2450 ὠφέλιμον
1417 2398 1458 2438 τὸ
1486 2399 1629 2453 ρ”αδίως

105 2459 349 2506 μεμνῆσθαι,
388 2456 441 2507 μή
478 2468 519 2496 σε
556 2456 804 2504 λανθανέτω,
843 2457 900 2495 ὅτι
937 2463 1124 2496 τοσοῦτον
1162 2455 1360 2508 ὠφέλιμόν
1397 2457 1514 2509 ἐστιν,
1552 2458 1628 2514 ὅσῳ

104 2515 254 2554 πλείονι
285 2515 451 2565 ζητεῖται
480 2515 546 2555 καὶ
578 2516 812 2568 λαμβάνεται
842 2516 963 2571 πόνῳ.
1014 2517 1175 2556 Πλείοσι
1206 2517 1335 2568 λόγοις
1359 2517 1458 2568 πρὸς
1483 2518 1628 2568 ταύτην

104 2585 145 2613 σε
182 2577 421 2624 παρακαλεῖν
460 2575 542 2614 δεῖν
581 2575 651 2627 οὐχ
691 2574 918 2628 ἡγούμεθα,
962 2575 1028 2614 ἴνα
1071 2575 1123 2627 μὴ
1164 2575 1336 2626 δόξωμεν
1374 2575 1399 2627 ἢ
1436 2576 1508 2627 τὴν
1553 2576 1627 2627 σὴν

105 2633 284 2684 σπουδὴν
316 2632 536 2681 ἀπελπίζειν
568 2633 594 2686 ἢ
625 2634 712 2687 περὶ
743 2641 811 2674 τοῦ
844 2634 1067 2687 πράγματος
1098 2635 1217 2674 πλείω
1248 2641 1316 2686 τῆς
1348 2636 1475 2687 χρείας
1506 2635 1628 2688 λέγειν

104 2695 405 2744 φιλοτιμεῖσθαι.

226 2785 388 2835 Quodsi
421 2785 635 2840 quondam
662 2784 852 2827 Graecus
885 2788 1034 2828 auctor
1061 2786 1284 2841 scriptoris
1313 2787 1365 2828 ad
1392 2786 1491 2830 Her.
1517 2787 1628 2830 forte

105 2856 277 2898 fortuna
309 2857 390 2898 erit
418 2857 630 2911 inuentus,
663 2857 808 2899 eadem
846 2858 957 2899 ratio
990 2872 1098 2912 quae
1130 2857 1243 2900 inter
1276 2857 1483 2900 Graecum
1517 2858 1626 2900 Lati-

1648 536 1690 567 39

1652 1809 1697 1839 40
