2003 3116
690 108 1058 142 PROLEGOMENA.
1557 108 1637 149 117

120 215 226 270 dire,
263 218 310 256 tu
346 216 485 257 lucem
523 215 786 270 conspicere,
823 218 870 257 tu
908 215 953 256 in
989 215 1142 257 horum
1181 219 1456 271 conspectum
1492 217 1637 259 uenire

119 286 334 328 conaris?
399 285 580 329 Crassus
625 287 732 328 dixit
775 287 820 328 in
865 287 1057 329 oratione
1107 289 1256 330 contra
1299 287 1480 330 Brutum
1526 288 1638 343 apud

119 355 203 399 Cic.
230 357 280 399 de
308 372 367 399 or.
392 357 435 399 II
460 357 528 410 55,
554 359 658 401 226:
698 358 777 400 tTu
803 358 942 400 lucem
971 359 1159 413 aspicere
1191 359 1351 401 audes?
1386 361 1434 400 tu
1465 358 1545 401 hos
1577 359 1637 400 in-

118 428 258 469 tueri?
291 431 339 470 tu
370 429 416 470 in
447 429 553 485 foro,
583 432 632 471 tu
663 429 710 470 in
740 430 857 484 urbe,
889 434 937 472 tu
968 429 1013 471 in
1045 430 1203 472 ciuium
1235 445 1328 472 esse
1358 429 1636 484 conspectu‘?'

118 499 344 541 Praeterea
382 499 490 542 conf.
517 514 624 555 quae
656 500 817 555 passim
851 500 1152 542 adnotauimus
1184 502 1229 542 in
1261 501 1456 542 editione.
1486 523 1489 526 >
1520 500 1635 550 Quae

117 570 418 612 similitudines
445 584 593 612 omnes
619 571 877 625 repetendae
903 573 1028 612 erunt
1059 585 1109 613 ex
1135 572 1441 613 consuetudine
1474 572 1634 614 discen-

116 641 226 682 tium
259 644 302 683 et
333 656 382 683 ex
413 641 683 683 institutione
717 642 915 683 oratoria.
972 640 1103 684 Cuius
1135 643 1195 683 rei
1228 643 1417 684 omnium
1451 643 1632 684 clarissi-

114 727 231 753 mum
276 715 416 754 exstat
459 712 755 755 testimonium
802 713 913 767 apud
954 711 1039 755 Cic.
1073 713 1122 754 de
1162 728 1219 755 or.
1253 712 1273 753 I
1306 714 1380 768 34,
1415 713 1515 767 154,
1561 714 1633 768 qui

114 781 317 825 Crassum
342 783 446 826 haec
473 783 638 825 inducit
662 784 927 838 loquentem:
966 783 1031 824 ‘In
1064 783 1313 826 cottidianis
1347 786 1490 825 autem
1523 799 1633 826 com—

115 854 450 897 mentationibus
472 855 666 910 equidem
689 855 795 896 mihi
817 855 1160 898 adulescentulus
1181 871 1421 911 proponere
1443 857 1630 898 solebam

109 926 230 968 illam
269 927 615 968 exercitationem
653 927 857 981 maxime,
896 942 978 982 qua
1011 926 1053 969 C.
1082 926 1321 970 Carbonem
1348 961 1356 969 .
1384 961 1392 969 .
1420 961 1428 969 .
1456 929 1630 971 solitum

110 1011 202 1038 esse
240 997 303 1038 uti
341 997 547 1052 sciebam,
587 1000 634 1038 ut
671 1001 745 1040 aut
783 998 977 1039 uersibus
1010 999 1245 1054 propositis
1280 1014 1406 1054 quam
1447 1001 1630 1042 maxime

107 1068 311 1123 grauibus
352 1070 426 1110 aut
458 1068 651 1110 oratione
690 1069 833 1124 aliqua
864 1070 976 1111 lecta
1009 1070 1060 1111 ad
1095 1085 1189 1111 eum
1226 1071 1355 1112 finem
1388 1085 1514 1126 quem
1546 1087 1630 1113 me-

106 1140 244 1181 moria
262 1154 431 1194 possem
457 1140 829 1195 comprehendere,
855 1155 947 1182 eam
974 1155 1061 1182 rem
1091 1141 1243 1195 ipsam,
1264 1157 1391 1197 quum
1418 1143 1629 1197 legissem,

105 1211 247 1252 uerbis
286 1211 381 1252 aliis
415 1226 540 1266 quam
573 1211 757 1253 maxime
790 1226 962 1266 possem
994 1212 1116 1253 lectis
1149 1214 1484 1267 pronuntiarem.
1547 1213 1627 1255 Sed

104 1285 204 1336 post
236 1282 520 1324 animaduerti
552 1282 633 1325 hoc
666 1297 757 1324 esse
790 1284 834 1324 in
865 1283 946 1325 hoc
979 1284 1093 1338 uitii,
1131 1284 1242 1339 quod
1276 1299 1325 1325 ea
1357 1285 1488 1327 uerba
1520 1300 1627 1340 quae

105 1354 290 1395 maxime
317 1354 518 1409 cuiusque
539 1354 599 1396 rei
620 1355 796 1409 propria
818 1369 1008 1410 quaeque
1031 1358 1172 1397 essent
1196 1356 1473 1398 ornatissima
1499 1359 1626 1412 atque

104 1424 286 1481 optima,
325 1428 575 1480 occupasset
614 1429 688 1468 aut
718 1425 903 1482 Ennius,
941 1427 976 1467 si
1009 1427 1061 1468 ad
1098 1427 1186 1469 eius
1227 1442 1377 1469 uersus
1410 1443 1477 1470 me
1510 1443 1625 1470 exer-

103 1510 254 1551 cerem,
286 1499 360 1538 aut
386 1497 617 1552 Gracchus,
649 1497 684 1539 si
711 1498 799 1538 eius
828 1498 1067 1539 orationem
1101 1499 1207 1540 mihi
1234 1499 1345 1541 forte
1376 1501 1623 1554 proposuis—

103 1568 209 1609 sem’
241 1582 274 1611 e.
302 1582 339 1622 q.
368 1583 399 1610 s.
462 1568 554 1618 Quo
594 1569 686 1611 loco
727 1583 826 1611 sane
864 1572 1156 1611 memorantur
1188 1571 1285 1612 illae
1324 1568 1427 1612 καθ’
1457 1570 1624 1626 ἡμέραν

100 1640 340 1694 γυμνασίαι
378 1655 484 1694 quas
516 1639 751 1695 Dionysius
791 1641 834 1682 in
866 1641 1035 1696 epilogo
1075 1642 1173 1683 libri
1206 1642 1255 1683 de
1289 1657 1477 1698 compos,
1508 1644 1623 1685 uerb.

101 1711 260 1753 laudat.
309 1712 503 1766 Apparet
542 1711 629 1753 iam
667 1713 933 1767 temporibus
973 1712 1235 1755 Gracchanis
1277 1713 1359 1756 hoc
1402 1716 1623 1757 exercendi

99 1796 232 1837 genus
265 1782 395 1824 fuisse
425 1782 633 1825 usitatum
661 1784 774 1838 quod
808 1784 937 1826 etiam
969 1787 1122 1840 postea
1148 1786 1420 1828 commendat
1447 1786 1622 1836 Quintil.

98 1853 138 1895 X
159 1853 198 1909 5,
217 1854 244 1896 5
277 1856 320 1896 et
350 1853 688 1896 Fortunatianus
722 1854 844 1897 RLM
875 1871 914 1910 p.
945 1857 1040 1911 122,
1072 1857 1122 1898 19
1151 1856 1191 1898 H
1224 1858 1295 1911 qui
1326 1859 1620 1913 metaphrasin

98 1926 285 1980 appellat
317 1940 401 1980 qua
433 1940 526 1968 sese
565 1929 733 1969 exercet
764 1926 1075 1970 Demosthenes
1109 1928 1220 1983 apud
1252 1928 1364 1971 Plut.
1397 1928 1619 1971 Demosth.

97 2010 188 2051 cap.
215 1996 252 2039 8.
316 1996 408 2047 Qua
439 1997 604 2040 ratione
636 1999 902 2041 declamandi
935 2014 1030 2041 cum
1063 2003 1176 2042 certe
1208 2015 1308 2042 usus
1338 2000 1469 2042 fuerit
1499 2017 1619 2056 prae-

97 2070 243 2122 ceptor
275 2069 347 2110 ille
380 2069 601 2124 scriptoris
630 2070 683 2112 ad
708 2070 811 2112 Her.
836 2085 922 2112 non
954 2072 1098 2125 potuit
1129 2085 1215 2113 non
1243 2072 1431 2114 accidere
1463 2076 1511 2114 ut
1537 2074 1618 2115 loci

98 2139 142 2179 in
174 2139 249 2182 illo
282 2139 394 2181 libro
426 2140 702 2183 inueniantur
733 2144 926 2183 ueterum
961 2145 1181 2184 oratorum
1214 2143 1432 2186 simillimi.

216 2210 298 2253 Sed
336 2211 455 2254 locus
495 2212 568 2253 ille
607 2211 825 2255 Ciceronis
866 2214 994 2255 etiam
1036 2214 1116 2256 hac
1158 2214 1207 2256 de
1250 2229 1380 2257 causa
1421 2216 1616 2271 inprimis

96 2281 428 2325 considerandus
467 2286 548 2338 est,
587 2284 700 2338 quod
738 2284 799 2326 ibi
831 2285 1020 2327 Ennium
1060 2289 1102 2327 et
1135 2285 1375 2328 Gracchum
1412 2287 1498 2329 illis
1530 2289 1616 2330 iam

94 2353 362 2408 temporibus
388 2356 612 2410 tamquam
638 2357 832 2411 exempla
858 2357 1080 2411 proposita
1112 2356 1244 2400 fuisse
1278 2359 1438 2413 apertis
1471 2361 1614 2402 uerbis

94 2425 296 2466 traditur:
327 2440 426 2467 nam
459 2427 630 2468 eosdem
663 2430 856 2470 auctores
889 2429 1093 2483 proponit
1125 2430 1309 2484 scriptor
1341 2430 1394 2471 ad
1427 2429 1524 2472 Her.
1551 2430 1615 2472 IV

96 2497 131 2550 1,
164 2496 190 2537 2
222 2495 289 2536 his
327 2496 489 2538 uerbis:
539 2496 729 2539 ‘Etenim
774 2513 869 2540 cum
913 2499 1128 2554 possimus
1175 2501 1228 2542 ab
1267 2501 1407 2543 Ennio
1447 2517 1613 2544 sumere

94 2569 169 2609 aut
201 2582 226 2609 a
259 2566 422 2609 Gracco
460 2583 618 2622 ponere
650 2571 891 2624 exemplum
924 2571 1092 2613 uidetur
1123 2586 1216 2614 esse
1250 2572 1503 2627 adrogantia
1534 2574 1612 2615 illa

91 2638 341 2694 relinquere,
374 2639 425 2680 ad
459 2653 535 2680 sua
567 2639 793 2683 deuenire?

209 2709 338 2752 Ratio
377 2710 510 2765 igitur
549 2711 838 2765 exemplorum
875 2711 1126 2754 Latinorum
1164 2714 1358 2768 inprimis
1396 2715 1477 2757 erit
1514 2731 1610 2758 con-

92 2780 329 2823 sideranda.
378 2781 607 2824 Oratorum
629 2783 819 2824 omnium
840 2784 1024 2825 maxime
1044 2785 1281 2827 admiratur
1302 2784 1347 2829 C.
1369 2785 1607 2830 Gracchum

92 2854 134 2892 et
172 2850 218 2893 L.
252 2851 454 2895 Crassum
499 2854 617 2895 cuius
662 2854 911 2897 facultatem
955 2856 1149 2898 homines
1196 2858 1365 2900 studere
1407 2862 1608 2915 consequi
