2003 3116
711 140 1078 175 PROLEGOMENA.
1580 140 1662 182 153

141 249 375 291 sectatores
413 247 662 292 extiterunt:
705 255 784 292 τοῦ
823 248 862 292 δ’
902 250 1133 307 Ερεννίων
1178 253 1303 292 οἴκου
1340 252 1443 300 τοὺς
1480 251 1663 305 Μαρίου

141 327 288 376 γονεῖς
307 319 380 363 καὶ
398 320 581 377 Μάριον
601 320 738 364 αὐτὸν
757 320 801 374 ἐξ
824 321 958 377 ἀρχῆς
977 320 1209 376 γεγονέναι
1233 322 1418 372 πελάτας
1444 320 1490 365 C.
1505 320 1663 364 Heren-

144 392 239 436 nius
266 394 452 435 testatur
476 392 588 448 apud
607 392 718 436 Plut.
738 393 844 436 Mar.
866 393 904 436 5.
949 392 1110 435 Tamen
1130 393 1194 435 illi
1220 394 1292 450 qui
1311 394 1468 450 ubique
1493 393 1662 436 laudeni

144 467 316 507 senatus
349 467 392 506 et
423 465 699 520 optimatium
737 465 889 507 tollere
928 465 1070 507 conati
1110 467 1211 506 sunt
1247 466 1293 507 in
1325 465 1446 508 libris
1481 465 1533 507 ad
1562 464 1663 507 Her.

143 536 315 592 egregie
341 535 558 578 falluntur.
607 536 757 591 Neque
784 537 898 578 enim
924 536 963 577 ei
989 536 1062 591 qui
1086 536 1278 578 mercede
1305 537 1459 579 (locent
1484 537 1663 579 rhetori-

145 622 238 650 cam
264 607 301 650 si
327 608 428 663 quid
454 607 607 650 uolunt
631 610 781 664 patere
805 608 946 650 lucelli
977 607 1157 649 nimium
1189 610 1373 662 possunt
1407 608 1576 650 studere
1602 609 1663 649 rei

142 679 356 734 publicae:
401 678 497 721 uide
530 693 657 734 quam
697 679 895 721 sollerter
927 681 969 721 et
1000 678 1128 720 Marii
1160 681 1203 720 et
1236 677 1377 720 Sullae
1409 680 1588 721 nomina
1619 679 1664 721 in

143 750 357 793 rhetorica
383 750 436 792 ad
455 749 557 792 Her.
585 750 758 792 omnino
786 750 972 792 uitatum
999 750 1056 792 sit
1081 764 1134 792 ne
1162 764 1344 804 usquam
1374 750 1665 793 inueniantur.
1694 781 1700 809 :³

143 822 371 865 Praeterea
401 822 446 864 in
472 822 515 864 O.
541 821 727 863 Marium
759 822 870 863 idem
901 823 1073 876 poterat
1105 820 1328 863 dicterium
1361 820 1443 863 dici
1476 821 1588 876 quod
1620 816 1695 863 in⁴

145 895 324 936 alterum
344 893 465 936 illum
484 893 644 935 iactum
665 896 730 935 est
749 893 1006 948 Arpinatem
1028 907 1154 948 quem
1175 892 1279 935 satis
1299 892 1437 934 facete
1458 892 1663 934 Laberius

141 966 252 1021 apud
272 965 460 1009 Macrob.
480 964 523 1007 II
547 965 585 1019 3,
608 965 662 1007 10
689 964 795 1006 dixit
822 965 958 1006 solere
986 964 1150 1006 duabus
1178 964 1291 1006 sellis
1320 964 1476 1005 sedere.
1523 963 1664 1014 Quare

139 1052 216 1080 nos
249 1037 424 1079 minime
457 1037 712 1079 mirabimur
743 1051 838 1079 cum
871 1036 1055 1092 legimus
1089 1036 1141 1078 ad
1174 1035 1273 1078 Her.
1300 1034 1363 1077 IV
1391 1036 1429 1089 8,
1453 1036 1505 1077 12
1539 1034 1663 1089 eopti-

139 1109 327 1152 matibus
365 1108 620 1164 trucidatis',
659 1109 734 1165 34,
759 1109 834 1151 45:
886 1108 1144 1164 ‘Aliquando
1184 1107 1443 1163 reipublicae
1476 1106 1664 1149 rationes

139 1195 246 1237 quae
271 1181 438 1223 malitia
462 1182 710 1224 nocentium
737 1183 1005 1235 exaruerunt,
1038 1180 1198 1222 uirtute
1226 1179 1502 1234 optimatium
1531 1179 1662 1220 reuir-

141 1252 327 1296 descent’
357 1267 494 1308 neque
519 1267 598 1295 nos
626 1252 813 1295 offendet
838 1267 932 1295 cum
959 1251 979 1293 I
1010 1253 1073 1307 12,
1100 1252 1153 1294 21
1189 1250 1233 1292 H
1262 1251 1328 1302 12,
1357 1251 1409 1292 17
1444 1250 1487 1291 in
1516 1249 1663 1292 Satur-

139 1324 231 1367 nini
273 1325 462 1367 tumultu
506 1322 665 1379 Caepio
710 1327 912 1366 narratur
958 1323 1070 1365 ‘eum
1118 1322 1221 1364 uiris
1267 1321 1408 1364 bonis’
1456 1322 1664 1376 impetum

140 1469 251 1510 state
278 1470 450 1510 auctore
478 1467 628 1510 Orosio
654 1466 694 1509 V
718 1468 783 1522 17,
804 1468 829 1509 6
856 1467 1018 1508 Marius
1046 1466 1383 1508 eaccommodato
1412 1465 1465 1507 ad
1494 1467 1662 1519 tempus

140 1540 314 1596 ingenio
341 1539 566 1583 consensui
593 1540 804 1582 bonorum
837 1553 930 1580 sese
962 1537 1224 1580 immiscuit'.
1273 1536 1436 1578 Eadem
1470 1536 1663 1591 profecto

140 1611 302 1668 ingenii
333 1611 542 1654 uarietate
569 1613 612 1653 et
636 1610 878 1653 mobilitate
905 1610 1040 1652 multo
1068 1609 1205 1664 magis
1239 1624 1345 1664 opus
1378 1610 1469 1650 erat
1500 1607 1665 1649 rhetori

139 1683 203 1726 illi
235 1682 442 1726 Mariano.
496 1682 577 1733 Qui
609 1683 646 1725 si
678 1683 768 1737 ipse
802 1684 875 1724 aut
907 1684 1052 1724 orator
1085 1683 1177 1723 erat
1210 1682 1284 1723 aut
1317 1680 1410 1722 aliis
1444 1680 1661 1722 orationes

141 1754 325 1797 scribere
374 1755 541 1797 solebat
591 1755 717 1797 sicuti
760 1754 927 1796 Plotius
971 1754 1044 1795 ille
1087 1752 1306 1794 Marianus
1358 1766 1433 1794 suo
1484 1752 1574 1794 iure
1620 1752 1664 1793 in

139 1826 360 1882 prooemio
400 1826 500 1868 libri
531 1825 595 1868 IV
628 1826 679 1868 ad
715 1825 812 1868 Her.
844 1827 1015 1880 poterat
1053 1823 1345 1880 praeceptoris
1385 1837 1476 1865 esse
1514 1822 1663 1865 docere

140 1893 228 1940 non
267 1898 393 1941 modo
431 1900 664 1954 praecepta
701 1911 900 1939 enarrare
932 1897 1005 1939 sed
1044 1896 1174 1938 etiam
1210 1895 1462 1937 confirmare
1495 1897 1537 1936 et
1568 1909 1663 1949 pro-

139 1970 242 2012 bare
273 1972 505 2026 praecepta
537 1969 740 2024 exemplis
775 1969 827 2010 ab
861 1968 955 2024 ipso
988 1969 1263 2023 praeceptore
1296 1966 1557 2021 compositis.

258 2041 402 2097 Atque
439 2042 519 2083 hac
557 2041 653 2097 ipsa
691 2040 994 2096 disputationis
1027 2039 1098 2081 uia
1131 2053 1179 2081 ac
1211 2038 1380 2080 ratione
1413 2037 1660 2079 deducimur
1680 2038 1948 2099 Dflggmg'sfigff

141 2112 193 2154 ad
231 2112 526 2167 quaestionem
566 2112 616 2154 de
657 2113 849 2167 tempore
889 2111 1127 2153 rhetoricae
1173 2110 1225 2152 ad
1262 2109 1365 2151 Her.
1401 2109 1661 2151 soluendam.
1717 2109 1915 2139 ⁸⁰¹¹'1'ffi5512f-

141 2183 234 2233 Qua
266 2183 316 2225 de
343 2196 387 2224 re
420 2197 527 2238 quae
553 2181 772 2237 Kayserus
800 2182 1001 2224 disseruit
1024 2206 1071 2212 —
1098 2182 1208 2224 conf.
1227 2180 1506 2222 Weidnerum
1533 2181 1665 2235 praef.

141 2254 194 2297 ad
220 2252 304 2296 Cic.
331 2254 381 2296 de
407 2254 491 2297 inu.
517 2269 557 2309 p.
582 2252 667 2295 XII
691 2277 739 2283 —
766 2268 814 2295 ea
841 2268 907 2295 me
935 2253 1110 2295 minime
1136 2252 1321 2308 probare
1352 2252 1440 2294 iam
1471 2252 1666 2307 pluribus

141 2325 249 2368 locis
283 2325 536 2381 significaui.
579 2324 779 2367 Pluribus
811 2325 924 2367 enim
949 2324 1055 2367 locis
1084 2324 1194 2366 liber
1220 2323 1283 2366 IV
1304 2324 1355 2365 ad
1376 2323 1478 2366 Her.
1499 2325 1541 2366 et
1565 2323 1667 2365 libri

144 2397 194 2439 de
230 2397 317 2440 inu.
350 2396 498 2439 eodem
530 2397 643 2439 inter
675 2412 720 2440 se
752 2396 1030 2439 consentiunt
1060 2398 1188 2451 pacto
1221 2410 1304 2451 quo
1336 2394 1359 2437 I
1390 2398 1433 2437 et
1464 2395 1523 2437 II:
1557 2395 1666 2438 conf.

142 2482 272 2522 supra
297 2483 338 2523 p.
367 2468 464 2511 113.
494 2469 576 2511 128
610 2471 652 2511 et
684 2468 966 2523 expeditionis
998 2468 1191 2522 exempla
1224 2467 1276 2509 ad
1304 2467 1405 2509 Her.
1432 2467 1495 2510 IV
1520 2468 1589 2519 29,
1610 2469 1666 2509 40

143 2539 193 2580 de
226 2539 310 2582 inu.
343 2538 363 2580 I
395 2539 465 2591 45,
493 2540 559 2582 84.
621 2540 726 2583 Post
759 2539 937 2594 Sulpicii
969 2541 1322 2591 mortem—*Q
1334 2538 1489 2581 666l88
1522 2538 1665 2593 {Alfi-9.-

142 2610 517 2675 rieaffijssssler.
536 2587 1546 2668 scnpfiffnnrsedass-e„fflffrjtdrk293233511'1121152⁴
1565 2614 1667 2663 post

143 2696 304 2723 annum
337 2681 783 2742 GsssssssfirlibEEF-lij
803 2681 1088 2740 compositum
1116 2695 1209 2722 esse
1236 2682 1400 2722 certum
1427 2668 1665 2736 estf‘N’a'ni

144 2754 219 2794 aut
243 2752 370 2794 Marii
402 2755 477 2796 aut
503 2751 646 2795 Sullae
678 2752 832 2795 ultima
863 2752 954 2794 fata
986 2751 1178 2794 enarrari
1211 2765 1357 2793 omnes
1391 2751 1666 2793 consentiunt

144 2825 337 2879 exemplo
376 2824 452 2866 illo
487 2825 598 2880 quod
629 2823 693 2866 IV
719 2824 787 2879 54,
814 2824 868 2867 68
900 2823 1173 2879 propositum
1206 2825 1288 2865 est:
1333 2821 1483 2865 ‘Modo
1516 2823 1664 2865 consul

146 2895 371 2950 quondam,
405 2896 442 2938 is
475 2895 625 2938 deinde
658 2895 819 2951 primus
853 2898 945 2937 erat
976 2894 1178 2937 ciuitatis.
1240 2894 1348 2936 Tum
1379 2894 1666 2949 proficiscitur
