2003 3116
715 101 1078 135 PROLEGOMENA.
1594 102 1647 142 87

133 209 306 250 modum
345 210 495 251 ceteris
534 209 808 252 detrimento'
846 209 907 251 IV
927 211 996 261 47,
1016 210 1072 252 60
1111 209 1232 252 ‘Non
1270 211 1384 252 enim
1423 211 1484 252 ita
1524 216 1570 253 ut
1605 212 1649 252 in

132 281 282 322 ceteris
314 280 456 322 rebus'
483 295 515 322 0.
537 296 573 336 q.
595 296 646 333 s.‚
685 296 734 323 ea
765 281 1050 323 libentissime
1084 281 1303 336 amplexus
1336 285 1400 323 est
1433 285 1475 323 et
1506 282 1648 324 imita-

130 354 201 393 tus
228 354 311 394 est:
341 351 672 394 Pharisaeorum
698 352 892 407 profecto
920 352 1070 394 similis
1098 356 1164 394 est
1188 353 1233 393 in
1259 353 1479 407 prooemio
1505 354 1604 395 libri
1628 353 1648 394 I

132 422 239 465 tnon
283 424 394 465 enim
442 438 517 478 spe
561 427 763 478 quaestus
809 426 882 465 aut
925 423 1065 478 gloria
1109 424 1312 465 commoti
1357 424 1551 466 uenimus
1596 424 1648 466 ad

131 494 412 549 scribendum,
444 494 800 549 quemadmodum
834 494 980 536 ceteri'
1005 519 1056 524 —
1084 497 1304 549 tamquam
1337 496 1466 536 ceteri
1500 510 1648 537 omnes

130 566 311 607 auaritia
349 566 511 607 inducti
550 565 799 619 scripserint
837 568 879 606 et
918 566 1062 620 cupidi
1099 566 1302 619 pecuniae
1327 591 1376 595 —
1405 569 1446 607 et
1484 567 1527 607 in
1561 568 1648 621 epi-

127 637 226 692 logo
256 635 336 678 IV:
380 635 515 691 ‘quod
559 636 617 678 ali
657 650 752 677 011111
791 636 991 678 1110103113
1028 636 1167 678 tribus
1201 636 1250 677 de
1283 638 1422 678 causis
1463 638 1647 680 maxime

127 708 291 749 faciunt
323 741 331 749 .
351 739 361 749 .
382 741 390 749 .
423 722 531 762 quae
565 708 618 749 ab
649 707 775 749 nobis
809 708 965 748 absunt
997 721 1143 748 omnes
1178 707 1477 749 difficultates'
1510 712 1552 750 et
1582 708 1647 750 ΙΙΙ

127 780 195 834 24,
215 779 272 821 40
306 777 420 821 ‘Non
453 779 565 820 enim
599 779 711 820 sicut
737 793 761 820 a
787 779 938 820 ceteris
967 778 1120 820 studiis
1154 779 1405 820 abducimur
1437 793 1645 822 nonnum·—

126 864 254 905 quam
287 850 576 905 occupatione,
607 850 712 891 item
745 850 797 891 ab
829 850 909 892 hac
943 849 1002 890 re’
1030 864 1062 890 e.
1089 865 1127 904 q.
1155 865 1186 891 s.

245 921 355 963 Tum
377 936 426 964 ea
445 936 489 963 re
511 922 784 976 potissimum
805 921 921 962 rudis
943 925 985 962 et
1011 920 1299 976 incomposita
1326 922 1451 964 nobis
1478 923 1647 965 uidetur

127 993 346 1048 scriptoris
369 993 567 1044 elocutio,
589 993 700 1048 quod
722 993 891 1047 saepius
913 993 994 1034 duo
1016 992 1161 1047 posuit
1190 993 1397 1034 eiusmodi
1425 994 1646 1036 enuntiata

127 1079 307 1119 quorum
339 1065 457 1119 prius
491 1064 786 1106 coniunctione
812 1068 870 1118 ut,
903 1064 1117 1119 posterius
1152 1067 1224 1106 aut
1257 1064 1392 1106 altera
1422 1068 1469 1107 ut
1499 1068 1573 1106 aut
1599 1080 1647 1107 ne

125 1136 334 1178 uocabulo
359 1136 554 1191 incipiat:
581 1136 714 1177 ueluti
742 1134 760 1176 Ι
791 1137 826 1189 1,
852 1138 893 1176 1;
927 1135 988 1177 ‘ut
1016 1135 1064 1176 de
1087 1136 1252 1177 ratione
1274 1135 1438 1177 dicendi
1465 1138 1645 1179 conseri-

126 1208 332 1262 heremus,
363 1222 416 1249 ne
450 1210 523 1248 aut
554 1210 630 1249 tua
661 1221 790 1248 causa
821 1207 1012 1248 noluisse
1045 1210 1119 1249 aut
1150 1206 1312 1263 fugisse
1344 1222 1421 1249 1103
1454 1208 1644 1250 laborem

123 1279 313 1334 putares'
339 1278 402 1321 IV
423 1279 490 1333 56,
514 1279 568 1321 69
598 1278 655 1320 ‘et
681 1278 938 1333 grauitatem
968 1281 1009 1320 et
1035 1278 1291 1334 dignitatem
1319 1281 1361 1320 et
1387 1279 1642 1321 suauitatem

123 1350 280 1392 habere
306 1351 352 1392 in
378 1350 554 1392 dicendo
581 1351 756 1405 poteris,
784 1353 830 1391 ut
857 1350 1042 1391 oratorie
1069 1351 1196 1405 plane
1224 1350 1425 1405 loquaris,
1452 1365 1504 1392 ne
1531 1351 1645 1392 nuda

124 1424 250 1477 atque
276 1421 476 1464 inornata
502 1422 695 1463 inuentio
723 1422 895 1475 uulgari
922 1436 1115 1463 sermone
1149 1421 1362 1463 efferatur’
1407 1421 1474 1463 ΙΙΙ
1500 1423 1567 1473 23,
1589 1423 1643 1465 38

123 1491 236 1535 ‘Scio
255 1492 483 1548 plerosque
506 1491 692 1534 Graecos
709 1527 716 1534 .
732 1526 740 1534 .
756 1524 766 1534 .
781 1493 946 1547 fecisse,
970 1496 1016 1534 ut
1036 1493 1270 1534 multorum
1290 1494 1518 1535 uerborum
1540 1495 1642 1535 ima-

122 1565 240 1620 gines
268 1565 601 1619 conscriberent,
627 1564 691 1606 uti
719 1565 791 1619 qui
820 1565 1005 1606 ediscere
1032 1563 1206 1619 uellent,
1234 1569 1408 1620 paratas
1436 1564 1645 1606 haberent

119 1636 278 1692 nequid
309 1636 353 1677 in
385 1636 624 1692 quaerendo
658 1639 957 1678 consumerent
990 1635 1159 1691 operae’
1193 1635 1255 1678 IV
1288 1636 1356 1689 34,
1379 1635 1435 1678 45
1469 1636 1643 1678 cTrans-

120 1708 323 1749 lationem
361 1707 591 1762 pudentem
629 1707 776 1750 dicunt
815 1722 907 1749 esse
941 1713 1156 1762 oportere,
1194 1710 1241 1749 ut
1273 1722 1369 1749 cum
1401 1708 1566 1749 ratione
1599 1708 1642 1749 in

121 1779 388 1821 consimilem
426 1794 517 1821 rem
560 1782 771 1834 transeat,
809 1793 862 1820 ne
900 1780 989 1821 sine
1022 1779 1187 1821 delectu
1219 1782 1378 1820 temere
1413 1794 1459 1821 30
1493 1779 1642 1834 cupide

119 1850 317 1893 uideatur
358 1850 403 1892 in
447 1851 697 1893 dissimilem
741 1850 1080 1892 transcurrisse)
1134 1850 1177 1892 II
1204 1850 1355 1904 28,45
1403 1849 1469 1892 ‘ut
1514 1865 1641 1905 quom

120 1922 280 1964 alteros
311 1923 451 1978 magis
483 1922 691 1977 laudaris,
730 1922 920 1977 aliquam
963 1922 1108 1963 alteris
1140 1925 1307 1976 partem
1340 1922 1479 1963 laudis
1513 1921 1640 1963 adtri-

118 1993 224 2035 buas
266 2008 318 2035 ne
358 1994 506 2049 cupide
544 2008 760 2050 pugnasse
802 1996 951 2035 contra
997 1993 1224 2034 ueritatem
1268 1992 1458 2047 puteris?
1523 1991 1640 2034 Conf.

119 2063 284 2106 Cornel.
310 2064 421 2119 Nep.
439 2065 479 2106 V
506 2066 545 2119 4,
566 2066 593 2106 2
631 2068 672 2107 01
705 2065 861 2106 similia
894 2065 1204 2106 sententiarum
1237 2065 1357 2118 paria
1390 2079 1484 2105 cum
1518 2079 1640 2107 uoca-

117 2136 217 2177 bulo
255 2139 301 2177 ut
336 2136 587 2191 incipientia
627 2136 679 2177 acl
718 2135 818 2177 Her.
851 2135 871 2176 I
906 2137 943 2190 Τ,
966 2137 1016 2177 11
1075 2135 1139 2177 III
1168 2136 1241 2189 24,
1274 2136 1328 2177 39
1386 2135 1448 2177 IV
1474 2136 1547 2187 28,
1574 2137 1641 2177 39.

117 2207 274 2261 37‚49.
311 2207 476 2261 44,56:
521 2207 680 2248 similia
723 2222 831 2261 quae
876 2207 1096 2248 uocabulis
1140 2207 1247 2260 quod
1287 2221 1389 2260 qnae
1432 2207 1641 2261 incipiunt

116 2279 250 2319 habes
282 2277 302 2319 I
324 2278 362 2332 7,
385 2280 453 2320 11.
495 2279 561 2332 16,
575 2279 630 2320 26
671 2277 713 2319 II
737 2278 803 2332 13,
818 2278 875 2320 20
902 2278 1017 2320 alibi.
1062 2278 1195 2320 Porro
1222 2279 1442 2332 scriptoris
1468 2281 1639 2320 tenuem

117 2349 329 2391 scribendi
378 2349 629 2391 facultatem
683 2349 914 2391 ostendunt
965 2350 1185 2391 enuntiata
1235 2349 1356 2391 talia:
1401 2349 1442 2390 II
1480 2350 1553 2403 29,
1583 2350 1638 2391 4ss

116 2420 240 2462 ‘Item
272 2421 476 2463 uitiosum
509 2423 575 2462 est
599 2422 645 2463 id
676 2421 788 2477 quod
823 2421 1058 2463 aduersarii
1089 2422 1249 2462 factum
1283 2436 1374 2462 esse
1407 2421 1640 2463 confitean-

114 2496 202 2546 tur,
240 2493 287 2534 de
323 2506 366 2534 eo
405 2493 696 2547 argumentari
738 2495 780 2534 et
820 2492 998 2547 planum
1036 2492 1175 2534 facere
1214 2492 1376 2534 factum
1422 2492 1536 2534 esse'
1576 2492 1641 2534 ΙΠ

120 2565 184 2617 14,
205 2563 262 2605 25
301 2561 399 2604 ‘Sin
432 2564 512 2604 erit
544 2579 683 2605 sermo
717 2564 763 2605 in
794 2563 1018 2618 iocatione,
1060 2564 1214 2605 leuiter
1246 2564 1514 2605 tremibunda
1547 2578 1640 2605 uoce

118 2668 126 2676 .
148 2667 156 2676 .
178 2668 186 2677 .
218 2635 372 2676 leniter
404 2635 622 2688 oportebit
655 2635 707 2676 ab
735 2649 930 2676 sermone
965 2635 1075 2676 serio
1108 2637 1307 2689 torquere
1334 2634 1387 2675 ad
1416 2635 1637 2676 liberalem

114 2706 256 2748 iocum
284 2705 440 2748 uocem’
478 2706 546 2760 21,
566 2706 623 2747 34
656 2705 724 2746 eut
754 2719 877 2747 uersu
908 2706 1051 2760 posito
1083 2706 1167 2760 ipsi
1197 2706 1420 2747 nobiscum
1452 2706 1638 2760 primum

114 2780 383 2819 transeamus
410 2777 476 2819 bis
505 2779 578 2818 aut
604 2779 670 2818 ter
696 2791 792 2818 eum
818 2775 997 2819 uersmn'
1028 2776 1091 2819 IV
1112 2778 1180 2832 42,
1199 2776 1257 2818 54
1290 2776 1398 2819 ‘oum
1432 2791 1474 2818 re
1505 2778 1637 2819 semel

116 2849 225 2892 dicta
267 2849 422 2892 iterum
469 2852 542 2890 aut
587 2849 756 2904 saepius
807 2848 904 2890 aliis
955 2848 1096 2890 uerbis
1148 2863 1254 2905 quae
1304 2848 1414 2890 idem
1450 2849 1637 2892 ualeant
