2003 3116
302 117 383 158 140
874 114 1243 149 PROLEGOMENA.

298 224 535 267 exercuisse
568 224 716 264 narrat
741 221 860 263 Brut.
878 221 1044 275 56‚207
1078 220 1145 261 his
1178 220 1338 262 uerbis:
1371 220 1467 262 ‘His
1500 221 1611 262 enim
1643 222 1814 276 scriptis

295 297 423 337 etiam
456 295 548 348 ipse
574 293 760 346 interfui,
793 307 888 334 cum
915 305 1054 333 essem
1086 291 1197 346 apud
1225 291 1392 332 Aelium
1420 290 1670 333 adulescens
1703 307 1815 334 eum-

299 380 378 420 que
412 364 556 406 audire
587 363 856 418 perstudiose
890 362 1099 405 solerem?
1151 360 1314 411 Quibus
1346 376 1447 402 uero
1481 361 1633 403 studiis
1665 361 1815 405 Aelius

298 436 544 478 Ciceronem
566 435 638 489 qui
664 438 766 476 tune
784 433 890 476 XVI
917 434 1004 475 fere
1030 448 1238 475 annorum
1261 435 1353 474 erat
1378 431 1582 474 erudiisse
1602 434 1816 487 putandus

295 507 388 548 est‘?
434 505 807 560 l‘hilosopliicisne
836 507 878 547 et
907 504 1227 561 grammaticis?
1277 503 1390 545 Fieri
1417 518 1517 545 sane
1550 505 1710 559 potuit:
1744 505 1815 546 sed

296 581 394 619 ante
440 578 583 620 omnia
627 576 853 618 rhetoricis
900 575 1052 617 studiis
1098 589 1272 630 operam
1312 574 1412 616 dare
1449 575 1706 629 praetextati
1742 576 1816 617 illo

293 652 484 704 tempore
523 648 719 691 solebant
751 650 793 689 et
824 651 993 703 praeter
1031 649 1194 688 ceteros
1228 644 1375 688 Cicero
1415 648 1561 688 orator
1600 649 1644 688 et
1682 647 1816 689 causi-

294 721 412 763 dicus
449 719 639 762 futurus:
677 722 794 762 totus
832 721 1056 774 praeterea
1094 721 1136 759 et
1174 718 1291 759 loeus
1325 720 1367 758 et
1404 717 1510 759 liber
1546 718 1619 759 ille
1652 733 1733 772 quo
1767 717 1816 758 de

294 792 417 834 Aelio
465 791 673 846 magistro
713 805 789 833 suo
833 790 965 832 tradit
1003 790 1055 832 ad
1093 789 1308 831 rhetorica
1345 789 1545 843 pertinet.
1607 788 1817 830 Dubitare

293 864 426 918 igitur
464 863 619 918 nolim,
656 863 757 917 quin
791 862 937 904 Aelius
978 864 1020 903 et
1051 861 1267 903 orationes
1307 859 1527 914 scripserit
1561 859 1654 901 aliis
1692 862 1735 901 et
1767 859 1817 901 de

294 933 558 977 orationibus
587 933 820 975 scribendis
852 936 1081 988 praecepta
1110 931 1344 974 tradiderit.
1387 929 1535 985 Neque
1562 932 1707 971 tamen
1733 945 1818 972 cre-

295 1005 475 1047 diderim
507 1004 618 1046 idem
653 1018 787 1059 genus
816 1004 1027 1047 scribendi
1040 1003 1226 1064 ’Aelium
1252 1002 1460 1058 probasse
1493 1004 1621 1056 atque
1648 1000 1818 1044 Caelius

295 1078 527 1131 Antipater
555 1076 716 1118 amicus
747 1076 849 1130 eius,
877 1090 1001 1130 quem
1023 1075 1231 1116 Asianum
1261 1073 1390 1115 fuisse
1411 1073 1820 1114 demonstrauimus:

296 1150 411 1190 leues
451 1150 563 1189 certe
603 1147 893 1189 oratiunculas
933 1146 1047 1188 Aelii
1085 1145 1218 1187 fuisse
1262 1144 1405 1187 nescio
1446 1159 1528 1200 quo
1575 1144 1664 1185 iure
1708 1144 1820 1185 idem

297 1219 445 1262 Cicero
485 1219 632 1261 eodem
665 1219 758 1260 loco
787 1218 1013 1274 significat.
1076 1216 1284 1258 Audierat
1315 1216 1510 1271 profecto
1544 1215 1693 1256 Aelius
1725 1229 1820 1256 cum

296 1291 437 1333 Rhodi
465 1292 705 1332 moraretur
731 1305 819 1331 non
846 1290 984 1332 solum
1013 1288 1318 1345 grammaticos
1345 1290 1388 1328 et
1419 1286 1715 1341 philosophos,
1748 1285 1820 1326 sed

296 1363 425 1405 etiam
464 1362 656 1403 rhetores
698 1362 770 1416 qui
809 1363 911 1403 tunc
951 1361 1134 1402 maxime
1171 1359 1383 1402 florebant
1422 1372 1549 1399 sanos
1589 1360 1631 1398 et
1669 1359 1822 1412 rectos,

297 1436 350 1476 ab
378 1434 638 1476 Asianorum
670 1435 838 1474 tumore
865 1435 908 1474 et
939 1432 1188 1488 praestigiis
1222 1431 1397 1484 liberos,
1429 1428 1673 1470 Atticorum
1707 1427 1822 1470 simi-

297 1506 438 1547 liores,
489 1504 664 1547 Etenim
690 1519 786 1546 eum
807 1504 960 1546 Asiani
987 1504 1049 1545 illi
1076 1503 1208 1544 ueluti
1237 1501 1410 1544 Caelius
1437 1503 1480 1542 et
1507 1499 1658 1542 Sisena
1684 1513 1820 1541 emen-

299 1577 469 1618 datores
509 1576 732 1617 extiterint
771 1576 981 1617 sermonis
1022 1575 1168 1616 usitati
1208 1574 1280 1629 qui
1317 1574 1430 1614 reete
1464 1571 1584 1631 loqui
1619 1572 1822 1625 putarent

297 1662 389 1689 esse
422 1647 627 1689 inusitate
661 1647 779 1702 loqui
806 1644 913 1702 (Cio.
940 1645 1059 1687 Brut.
1086 1645 1154 1700 75,
1180 1642 1285 1700 260)
1318 1643 1455 1684 ueluti
1487 1642 1559 1683 ille
1593 1657 1721 1684 ausus
1756 1645 1821 1683 est

298 1720 435 1761 dicere
467 1719 696 1761 custodibus
727 1718 911 1760 discessis
943 1717 1012 1758 hic
1044 1717 1279 1771 spectatilz'ca
1311 1715 1505 1768 crimina,
1543 1716 1723 1768 uterque
1754 1714 1818 1755 in-

297 1791 477 1845 dulyc‘tas
512 1791 614 1843 alia,
652 1789 751 1831 huie
783 1789 997 1844 prurigini
1030 1787 1282 1829 elocutionis
1316 1785 1520 1827 acerrime
1554 1784 1823 1839 obpugnauit

298 1863 449 1916 postea
476 1858 520 1902 C.
541 1859 677 1902 Iulius
700 1859 858 1901 Caesar
885 1861 1115 1913 praecepto
1142 1858 1216 1899 illo
1243 1858 1287 1898 in
1312 1856 1333 1898 I
1360 1857 1410 1898 de
1438 1855 1638 1910 analogia
1662 1855 1823 1909 posito:

299 1931 536 1986 ‘tamquam
564 1932 786 1986 scopulum
815 1931 876 1972 sic
907 1930 1049 1984 fugias
1080 1929 1319 1970 inauditum
1354 1930 1481 1983 atque
1512 1926 1699 1968 insolens
1733 1940 1822 1967 uer-

299 2002 431 2045 bum?
495 2002 643 2057 Neque
682 2005 824 2043 tamen
857 2002 1022 2055 primus
1055 2000 1160 2042 haec
1192 1998 1409 2054 praecepit
1441 1997 1650 2051 siquidem
1683 1996 1823 2038 Varro

302 2076 352 2116 de
378 2075 408 2116 l.
427 2073 473 2115 L.
494 2073 556 2115 VI
578 2074 631 2115 59
660 2073 828 2115 scribit:
862 2072 886 2115 ἵ
908 2106 916 2114 ,
938 2105 947 2114 .
969 2073 1205 2112 extremum
1232 2069 1516 2112 nouissimum
1545 2082 1712 2123 quoque
1744 2067 1825 2108 dici

302 2149 496 2200 coeptum
517 2146 659 2200 uolgo,
687 2144 797 2199 quod
825 2159 920 2186 mea
946 2142 1152 2184 memoria
1178 2144 1226 2183 ut
1249 2140 1398 2182 Aelius
1427 2140 1486 2182 sic
1514 2153 1636 2181 senes
1663 2138 1826 2192 aliquot

301 2217 481 2258 nimium
508 2231 669 2258 nouum
697 2216 876 2257 uerbum
903 2214 1015 2270 quod
1043 2215 1156 2255 esset
1187 2211 1401 2254 uitabant’
1436 2210 1545 2253 conf.
1567 2209 1676 2252 Gell.
1697 2209 1735 2250 X
1756 2210 1823 2251 21.

301 2288 352 2330 In
378 2287 594 2329 rhetorica
620 2287 673 2329 ad
701 2285 1020 2340 Heinssaelium
1048 2284 1284 2338 uituperari
1312 2297 1441 2337 supra
1473 2281 1674 2324 uidimus:
1707 2282 1825 2322 cuius

303 2359 488 2413 scriptor
526 2358 630 2399 illud
677 2372 843 2412 quoque
886 2358 1033 2398 monet
1070 2370 1122 2396 ne
1162 2354 1286 2395 nouis
1326 2353 1467 2395 uerbis
1506 2355 1678 2393 utamur
1720 2365 1827 2392 neue

305 2430 405 2484 quid
437 2444 547 2471 noue
580 2429 769 2470 dicamus
802 2427 823 2469 I
855 2428 893 2482 9,
923 2427 976 2469 15
1008 2426 1070 2467 IV
1101 2426 1165 2476 10,
1197 2426 1259 2466 15.
1292 2425 1360 2478 31,
1386 2425 1455 2465 42.

420 2500 583 2542 Eodem
627 2499 714 2541 fere
759 2502 951 2554 tempore
999 2513 1081 2552 quo
1127 2496 1236 2538 Stilo
1285 2495 1481 2537 Aurelius
1527 2495 1598 2535 ille
1643 2493 1826 2548 Opillius

303 2572 482 2614 florebat
527 2571 599 2625 qui
645 2573 818 2612 auctore
857 2568 1062 2611 Suetonio
1109 2567 1156 2608 de
1202 2581 1381 2622 gramm.
1415 2567 1440 2607 G
1486 2563 1827 2620 ‘philosophiam

303 2644 462 2697 prime,
507 2642 657 2684 deinde
702 2641 977 2694 rhetoricam,
1024 2638 1259 2681 nouissime
1289 2636 1627 2692 'grammaticam
1671 2634 1826 2675 docuit.

303 2714 494 2756 Dimissa
535 2716 676 2754 autem
717 2713 862 2754 schola
903 2710 1033 2767 (anno
1073 2710 1160 2752 fere
1201 2708 1389 2764 662s92)
1423 2707 1635 2749 Rutilium
1666 2704 1828 2745 Rufum

307 2785 556 2825 damnatum
588 2785 631 2825 in
658 2783 807 2825 Asiam
841 2785 1010 2825 secutus
1044 2781 1202 2823 ibidem
1231 2779 1440 2834 Zmyrnae
1478 2777 1688 2830 simulque
1730 2790 1827 2817 con-

306 2855 445 2896 senuit
487 2853 832 2908 composuitque'
867 2869 899 2895 e.
927 2868 964 2908 q.
993 2868 1022 2893 s.
1086 2850 1233 2905 Neque
1277 2850 1326 2891 de
1369 2849 1517 2893 schola
1558 2846 1646 2888 eius
1691 2860 1826 2900 neque
