<?xml version="1.0" encoding="UTF-8"?>
<!DOCTYPE html PUBLIC "-//W3C//DTD XHTML 1.0 Transitional//EN"
    "http://www.w3.org/TR/xhtml1/DTD/xhtml1-transitional.dtd">
<html xmlns="http://www.w3.org/1999/xhtml" xml:lang="en" lang="en">
 <head>
  <title>
</title>
<meta http-equiv="Content-Type" content="text/html;charset=utf-8" />
  <meta name='ocr-system' content='tesseract 3.04.00' />
  <meta name='ocr-capabilities' content='ocr_page ocr_carea ocr_par ocr_line ocrx_word'/>
</head>
<body>
  <div class='ocr_page' id='page_1' title='image "./incertiauctorisd00marxuoft_0102.png"; bbox 0 0 2003 3116; ppageno 0'>
   <div class='ocr_carea' id='block_1_1' title="bbox 69 1623 339 1690">
    <p class='ocr_par' dir='ltr' id='par_1_1' title="bbox 69 1623 339 1690">
     <span class='ocr_line' id='line_1_1' title="bbox 69 1623 339 1653; baseline 0 -4"><span class='ocrx_word' id='word_1_1' title='bbox 69 1625 113 1649; x_wconf 89' lang='lat' dir='ltr'>De</span> <span class='ocrx_word' id='word_1_2' title='bbox 125 1623 197 1648; x_wconf 83' lang='lat' dir='ltr'>stilo</span> <span class='ocrx_word' id='word_1_3' title='bbox 212 1623 339 1653; x_wconf 81' lang='lat' dir='ltr'>scripto-</span> 
     </span>
     <span class='ocr_line' id='line_1_2' title="bbox 116 1659 299 1690; baseline 0.005 -7"><span class='ocrx_word' id='word_1_4' title='bbox 116 1660 158 1684; x_wconf 83' lang='lat' dir='ltr'>ris</span> <span class='ocrx_word' id='word_1_5' title='bbox 178 1659 299 1690; x_wconf 77' lang='lat' dir='ltr'>puerili.</span> 
     </span>
    </p>
   </div>
   <div class='ocr_carea' id='block_1_2' title="bbox 346 166 1275 209">
    <p class='ocr_par' dir='ltr' id='par_1_2' title="bbox 346 166 1275 209">
     <span class='ocr_line' id='line_1_3' title="bbox 346 166 1275 209; baseline 0.001 -11"><span class='ocrx_word' id='word_1_6' title='bbox 346 168 401 209; x_wconf 77' lang='lat'>86</span> <span class='ocrx_word' id='word_1_7' title='bbox 909 166 1275 199; x_wconf 78' lang='lat' dir='ltr'><strong>PROLEGOMENA.</strong></span> 
     </span>
    </p>
   </div>
   <div class='ocr_carea' id='block_1_3' title="bbox 343 272 1880 2960">
    <p class='ocr_par' dir='ltr' id='par_1_3' title="bbox 343 272 1873 1608">
     <span class='ocr_line' id='line_1_4' title="bbox 347 272 1862 326; baseline -0.001 -8"><span class='ocrx_word' id='word_1_8' title='bbox 347 277 569 319; x_wconf 79' lang='lat' dir='ltr'>momenti:</span> <span class='ocrx_word' id='word_1_9' title='bbox 602 273 728 315; x_wconf 80' lang='lat' dir='ltr'>‘Nam</span> <span class='ocrx_word' id='word_1_10' title='bbox 762 277 804 314; x_wconf 89' lang='lat' dir='ltr'>et</span> <span class='ocrx_word' id='word_1_11' title='bbox 836 273 963 313; x_wconf 90' lang='lat' dir='ltr'>simul</span> <span class='ocrx_word' id='word_1_12' title='bbox 994 272 1179 313; x_wconf 73' lang='lat' dir='ltr'>libenter</span> <span class='ocrx_word' id='word_1_13' title='bbox 1209 285 1480 313; x_wconf 82' lang='lat' dir='ltr'>exerceamur</span> <span class='ocrx_word' id='word_1_14' title='bbox 1511 275 1686 326; x_wconf 84' lang='lat' dir='ltr'>propter</span> <span class='ocrx_word' id='word_1_15' title='bbox 1719 274 1862 316; x_wconf 88' lang='lat' dir='ltr'>amici—</span> 
     </span>
     <span class='ocr_line' id='line_1_5' title="bbox 346 341 1860 400; baseline -0.001 -11"><span class='ocrx_word' id='word_1_16' title='bbox 346 349 470 400; x_wconf 82' lang='lat' dir='ltr'>tiam,</span> <span class='ocrx_word' id='word_1_17' title='bbox 508 346 624 386; x_wconf 89' lang='lat' dir='ltr'>cuius</span> <span class='ocrx_word' id='word_1_18' title='bbox 656 344 824 386; x_wconf 88' lang='lat' dir='ltr'>initium</span> <span class='ocrx_word' id='word_1_19' title='bbox 857 342 1057 398; x_wconf 87' lang='lat' dir='ltr'>cognatio</span> <span class='ocrx_word' id='word_1_20' title='bbox 1090 342 1213 397; x_wconf 85' lang='lat' dir='ltr'>facit,</span> <span class='ocrx_word' id='word_1_21' title='bbox 1249 343 1390 383; x_wconf 87' lang='lat' dir='ltr'>cetera</span> <span class='ocrx_word' id='word_1_22' title='bbox 1421 341 1720 396; x_wconf 83' lang='lat' dir='ltr'>philosophiae</span> <span class='ocrx_word' id='word_1_23' title='bbox 1750 346 1860 387; x_wconf 90' lang='lat' dir='ltr'>ratio</span> 
     </span>
     <span class='ocr_line' id='line_1_6' title="bbox 349 412 1862 471; baseline -0.001 -12"><span class='ocrx_word' id='word_1_24' title='bbox 349 414 639 459; x_wconf 67' lang='lat' dir='ltr'>confirmabit?</span> <span class='ocrx_word' id='word_1_25' title='bbox 689 414 741 455; x_wconf 90' lang='lat' dir='ltr'>In</span> <span class='ocrx_word' id='word_1_26' title='bbox 774 414 926 468; x_wconf 91' lang='lat' dir='ltr'>quibus</span> <span class='ocrx_word' id='word_1_27' title='bbox 958 427 1037 455; x_wconf 91' lang='lat' dir='ltr'>nos</span> <span class='ocrx_word' id='word_1_28' title='bbox 1068 428 1155 455; x_wconf 90' lang='lat' dir='ltr'>non</span> <span class='ocrx_word' id='word_1_29' title='bbox 1187 412 1426 467; x_wconf 82' lang='lat' dir='ltr'>recepimus</span> <span class='ocrx_word' id='word_1_30' title='bbox 1458 413 1685 455; x_wconf 87' lang='lat' dir='ltr'>lectionem</span> <span class='ocrx_word' id='word_1_31' title='bbox 1716 416 1862 471; x_wconf 89' lang='lat' dir='ltr'>uulga-</span> 
     </span>
     <span class='ocr_line' id='line_1_7' title="bbox 346 483 1862 540; baseline -0.001 -11"><span class='ocrx_word' id='word_1_32' title='bbox 346 491 434 529; x_wconf 83' lang='lat' dir='ltr'>tam</span> <span class='ocrx_word' id='word_1_33' title='bbox 467 486 729 539; x_wconf 67' lang='lat' dir='ltr'>confirmauit</span> <span class='ocrx_word' id='word_1_34' title='bbox 759 499 865 540; x_wconf 89' lang='lat' dir='ltr'>quae</span> <span class='ocrx_word' id='word_1_35' title='bbox 897 484 942 526; x_wconf 93' lang='lat' dir='ltr'>in</span> <span class='ocrx_word' id='word_1_36' title='bbox 974 484 1067 526; x_wconf 91' lang='lat' dir='ltr'>solo</span> <span class='ocrx_word' id='word_1_37' title='bbox 1097 483 1139 525; x_wconf 94' lang='lat' dir='ltr'>H</span> <span class='ocrx_word' id='word_1_38' title='bbox 1170 484 1416 526; x_wconf 86' lang='lat' dir='ltr'>inueniatur</span> <span class='ocrx_word' id='word_1_39' title='bbox 1446 498 1583 538; x_wconf 86' lang='lat' dir='ltr'>neque</span> <span class='ocrx_word' id='word_1_40' title='bbox 1615 485 1862 539; x_wconf 83' lang='lat' dir='ltr'>scripsimus</span> 
     </span>
     <span class='ocr_line' id='line_1_8' title="bbox 343 555 1864 612; baseline 0 -13"><span class='ocrx_word' id='word_1_41' title='bbox 343 559 440 610; x_wconf 69' lang='lat' dir='ltr'>fecit</span> <span class='ocrx_word' id='word_1_42' title='bbox 475 557 587 612; x_wconf 87' lang='lat' dir='ltr'>quod</span> <span class='ocrx_word' id='word_1_43' title='bbox 626 558 668 597; x_wconf 90' lang='lat' dir='ltr'>et</span> <span class='ocrx_word' id='word_1_44' title='bbox 707 571 812 598; x_wconf 86' lang='lat' dir='ltr'>aeuo</span> <span class='ocrx_word' id='word_1_45' title='bbox 845 555 1099 610; x_wconf 86' lang='lat' dir='ltr'>Karolingio</span> <span class='ocrx_word' id='word_1_46' title='bbox 1140 558 1182 596; x_wconf 91' lang='lat' dir='ltr'>et</span> <span class='ocrx_word' id='word_1_47' title='bbox 1213 555 1524 610; x_wconf 74' lang='lat' dir='ltr'>posterioribus</span> <span class='ocrx_word' id='word_1_48' title='bbox 1558 555 1739 597; x_wconf 88' lang='lat' dir='ltr'>saeculis</span> <span class='ocrx_word' id='word_1_49' title='bbox 1770 572 1864 612; x_wconf 89' lang='lat' dir='ltr'>pro-</span> 
     </span>
     <span class='ocr_line' id='line_1_9' title="bbox 347 626 1864 681; baseline 0 -11"><span class='ocrx_word' id='word_1_50' title='bbox 347 630 493 670; x_wconf 84' lang='lat' dir='ltr'>batum</span> <span class='ocrx_word' id='word_1_51' title='bbox 526 628 657 669; x_wconf 84' lang='lat' dir='ltr'>fuisse</span> <span class='ocrx_word' id='word_1_52' title='bbox 690 627 780 670; x_wconf 86' lang='lat' dir='ltr'>cod.</span> <span class='ocrx_word' id='word_1_53' title='bbox 807 626 840 669; x_wconf 80' lang='lat' dir='ltr'>O</span> <span class='ocrx_word' id='word_1_54' title='bbox 871 629 913 668; x_wconf 92' lang='lat' dir='ltr'>et</span> <span class='ocrx_word' id='word_1_55' title='bbox 945 627 1185 669; x_wconf 72' lang='lat' dir='ltr'>editionum</span> <span class='ocrx_word' id='word_1_56' title='bbox 1217 626 1483 668; x_wconf 87' lang='lat' dir='ltr'>demonstrat</span> <span class='ocrx_word' id='word_1_57' title='bbox 1515 640 1759 681; x_wconf 88' lang='lat' dir='ltr'>consensus,</span> <span class='ocrx_word' id='word_1_58' title='bbox 1792 628 1864 670; x_wconf 89' lang='lat' dir='ltr'>sed</span> 
     </span>
     <span class='ocr_line' id='line_1_10' title="bbox 347 697 1864 754; baseline 0 -13"><span class='ocrx_word' id='word_1_59' title='bbox 347 704 389 742; x_wconf 89' lang='lat' dir='ltr'>et</span> <span class='ocrx_word' id='word_1_60' title='bbox 414 699 697 754; x_wconf 85' lang='lat' dir='ltr'>plurimorum</span> <span class='ocrx_word' id='word_1_61' title='bbox 724 702 766 740; x_wconf 92' lang='lat' dir='ltr'>et</span> <span class='ocrx_word' id='word_1_62' title='bbox 792 699 1053 752; x_wconf 85' lang='lat' dir='ltr'>optimorum</span> <span class='ocrx_word' id='word_1_63' title='bbox 1080 698 1196 740; x_wconf 88' lang='lat' dir='ltr'>codd.</span> <span class='ocrx_word' id='word_1_64' title='bbox 1220 697 1524 739; x_wconf 88' lang='lat' dir='ltr'>auctoritatem</span> <span class='ocrx_word' id='word_1_65' title='bbox 1546 699 1680 740; x_wconf 88' lang='lat' dir='ltr'>secuti</span> <span class='ocrx_word' id='word_1_66' title='bbox 1701 714 1864 741; x_wconf 90' lang='lat' dir='ltr'>sumus:</span> 
     </span>
     <span class='ocr_line' id='line_1_11' title="bbox 349 768 1865 824; baseline 0.001 -12"><span class='ocrx_word' id='word_1_67' title='bbox 349 771 401 812; x_wconf 87' lang='lat' dir='ltr'>ad</span> <span class='ocrx_word' id='word_1_68' title='bbox 433 771 689 824; x_wconf 70' lang='lat' dir='ltr'>confirmabit</span> <span class='ocrx_word' id='word_1_69' title='bbox 720 770 830 811; x_wconf 85' lang='lat' dir='ltr'>conf.</span> <span class='ocrx_word' id='word_1_70' title='bbox 856 769 899 810; x_wconf 93' lang='lat' dir='ltr'>II</span> <span class='ocrx_word' id='word_1_71' title='bbox 924 770 963 823; x_wconf 82' lang='lat'>4,</span> <span class='ocrx_word' id='word_1_72' title='bbox 985 770 1007 811; x_wconf 84' lang='lat'><strong>7</strong></span> <span class='ocrx_word' id='word_1_73' title='bbox 1049 768 1205 810; x_wconf 70' lang='lat' dir='ltr'>‘Initia</span> <span class='ocrx_word' id='word_1_74' title='bbox 1240 769 1354 810; x_wconf 89' lang='lat' dir='ltr'>enim</span> <span class='ocrx_word' id='word_1_75' title='bbox 1393 769 1656 812; x_wconf 88' lang='lat' dir='ltr'>inuentionis</span> <span class='ocrx_word' id='word_1_76' title='bbox 1689 770 1742 812; x_wconf 88' lang='lat' dir='ltr'>ab</span> <span class='ocrx_word' id='word_1_77' title='bbox 1775 773 1865 813; x_wconf 87' lang='lat' dir='ltr'>arte</span> 
     </span>
     <span class='ocr_line' id='line_1_12' title="bbox 347 840 1865 897; baseline 0 -14"><span class='ocrx_word' id='word_1_78' title='bbox 347 843 505 884; x_wconf 86' lang='lat' dir='ltr'>debent</span> <span class='ocrx_word' id='word_1_79' title='bbox 535 841 762 897; x_wconf 88' lang='lat' dir='ltr'>proficisci,</span> <span class='ocrx_word' id='word_1_80' title='bbox 794 843 934 883; x_wconf 89' lang='lat' dir='ltr'>cetera</span> <span class='ocrx_word' id='word_1_81' title='bbox 968 841 1091 882; x_wconf 86' lang='lat' dir='ltr'>facile</span> <span class='ocrx_word' id='word_1_82' title='bbox 1125 840 1381 894; x_wconf 81' lang='lat' dir='ltr'>conparabit</span> <span class='ocrx_word' id='word_1_83' title='bbox 1413 841 1692 895; x_wconf 73' lang='lat' dir='ltr'>exercitatio’,</span> <span class='ocrx_word' id='word_1_84' title='bbox 1722 842 1796 883; x_wconf 88' lang='lat' dir='ltr'>ubi</span> <span class='ocrx_word' id='word_1_85' title='bbox 1822 842 1865 883; x_wconf 89' lang='lat' dir='ltr'>in</span> 
     </span>
     <span class='ocr_line' id='line_1_13' title="bbox 348 910 1866 968; baseline -0.001 -13"><span class='ocrx_word' id='word_1_86' title='bbox 348 914 558 955; x_wconf 87' lang='lat' dir='ltr'>uocabulo</span> <span class='ocrx_word' id='word_1_87' title='bbox 590 912 829 966; x_wconf 73' lang='lat' dir='ltr'>conparabit</span> <span class='ocrx_word' id='word_1_88' title='bbox 860 912 1059 954; x_wconf 85' lang='lat' dir='ltr'>similiter</span> <span class='ocrx_word' id='word_1_89' title='bbox 1091 911 1284 953; x_wconf 91' lang='lat' dir='ltr'>mendosi</span> <span class='ocrx_word' id='word_1_90' title='bbox 1311 913 1409 953; x_wconf 89' lang='lat' dir='ltr'>sunt</span> <span class='ocrx_word' id='word_1_91' title='bbox 1436 910 1563 953; x_wconf 87' lang='lat' dir='ltr'>HPB.</span> <span class='ocrx_word' id='word_1_92' title='bbox 1610 911 1703 962; x_wconf 80' lang='lat' dir='ltr'>Quo</span> <span class='ocrx_word' id='word_1_93' title='bbox 1730 914 1866 968; x_wconf 86' lang='lat' dir='ltr'>magis</span> 
     </span>
     <span class='ocr_line' id='line_1_14' title="bbox 349 982 1866 1039; baseline 0.001 -14"><span class='ocrx_word' id='word_1_94' title='bbox 349 984 502 1039; x_wconf 90' lang='lat' dir='ltr'>optimi</span> <span class='ocrx_word' id='word_1_95' title='bbox 535 983 736 1039; x_wconf 89' lang='lat' dir='ltr'>cuiusque</span> <span class='ocrx_word' id='word_1_96' title='bbox 769 983 857 1025; x_wconf 88' lang='lat' dir='ltr'>cod.</span> <span class='ocrx_word' id='word_1_97' title='bbox 891 983 1017 1024; x_wconf 89' lang='lat' dir='ltr'>lectio</span> <span class='ocrx_word' id='word_1_98' title='bbox 1047 983 1151 1036; x_wconf 75' lang='lat' dir='ltr'>facit</span> <span class='ocrx_word' id='word_1_99' title='bbox 1180 983 1254 1024; x_wconf 93' lang='lat' dir='ltr'>illo</span> <span class='ocrx_word' id='word_1_100' title='bbox 1281 983 1375 1025; x_wconf 90' lang='lat' dir='ltr'>loco</span> <span class='ocrx_word' id='word_1_101' title='bbox 1410 982 1622 1025; x_wconf 86' lang='lat' dir='ltr'>seruanda</span> <span class='ocrx_word' id='word_1_102' title='bbox 1648 986 1729 1025; x_wconf 89' lang='lat' dir='ltr'>est:</span> <span class='ocrx_word' id='word_1_103' title='bbox 1756 985 1866 1026; x_wconf 89' lang='lat' dir='ltr'>unde</span> 
     </span>
     <span class='ocr_line' id='line_1_15' title="bbox 349 1053 1866 1111; baseline 0.001 -14"><span class='ocrx_word' id='word_1_104' title='bbox 349 1055 552 1097; x_wconf 88' lang='lat' dir='ltr'>discimus</span> <span class='ocrx_word' id='word_1_105' title='bbox 578 1055 832 1109; x_wconf 86' lang='lat' dir='ltr'>scriptorem</span> <span class='ocrx_word' id='word_1_106' title='bbox 859 1069 954 1096; x_wconf 90' lang='lat' dir='ltr'>cum</span> <span class='ocrx_word' id='word_1_107' title='bbox 980 1054 1137 1097; x_wconf 85' lang='lat' dir='ltr'>librum</span> <span class='ocrx_word' id='word_1_108' title='bbox 1165 1053 1338 1109; x_wconf 86' lang='lat' dir='ltr'>scripsit</span> <span class='ocrx_word' id='word_1_109' title='bbox 1371 1054 1495 1095; x_wconf 89' lang='lat' dir='ltr'>modo</span> <span class='ocrx_word' id='word_1_110' title='bbox 1530 1054 1739 1097; x_wconf 78' lang='lat' dir='ltr'>affinitate</span> <span class='ocrx_word' id='word_1_111' title='bbox 1766 1071 1866 1111; x_wconf 86' lang='lat' dir='ltr'>qua-</span> 
     </span>
     <span class='ocr_line' id='line_1_16' title="bbox 350 1125 1868 1169; baseline 0.001 -1"><span class='ocrx_word' id='word_1_112' title='bbox 350 1126 448 1168; x_wconf 87' lang='lat' dir='ltr'>dam</span> <span class='ocrx_word' id='word_1_113' title='bbox 475 1141 571 1168; x_wconf 88' lang='lat' dir='ltr'>cum</span> <span class='ocrx_word' id='word_1_114' title='bbox 599 1125 642 1169; x_wconf 80' lang='lat' dir='ltr'>C.</span> <span class='ocrx_word' id='word_1_115' title='bbox 655 1125 873 1168; x_wconf 90' lang='lat' dir='ltr'>Herennio</span> <span class='ocrx_word' id='word_1_116' title='bbox 901 1126 1174 1168; x_wconf 88' lang='lat' dir='ltr'>coniunctum</span> <span class='ocrx_word' id='word_1_117' title='bbox 1201 1140 1292 1167; x_wconf 90' lang='lat' dir='ltr'>esse</span> <span class='ocrx_word' id='word_1_118' title='bbox 1320 1128 1394 1167; x_wconf 90' lang='lat' dir='ltr'>aut</span> <span class='ocrx_word' id='word_1_119' title='bbox 1420 1126 1697 1168; x_wconf 87' lang='lat' dir='ltr'>matrimonio</span> <span class='ocrx_word' id='word_1_120' title='bbox 1724 1126 1868 1169; x_wconf 84' lang='lat' dir='ltr'>iuncto</span> 
     </span>
     <span class='ocr_line' id='line_1_17' title="bbox 351 1196 1868 1251; baseline 0.001 -13"><span class='ocrx_word' id='word_1_121' title='bbox 351 1200 426 1238; x_wconf 86' lang='lat' dir='ltr'>aut</span> <span class='ocrx_word' id='word_1_122' title='bbox 457 1197 685 1251; x_wconf 86' lang='lat' dir='ltr'>adoptione</span> <span class='ocrx_word' id='word_1_123' title='bbox 721 1196 839 1239; x_wconf 87' lang='lat' dir='ltr'>facta</span> <span class='ocrx_word' id='word_1_124' title='bbox 871 1199 946 1239; x_wconf 92' lang='lat' dir='ltr'>aut</span> <span class='ocrx_word' id='word_1_125' title='bbox 985 1197 1070 1239; x_wconf 88' lang='lat' dir='ltr'>alio</span> <span class='ocrx_word' id='word_1_126' title='bbox 1104 1196 1289 1251; x_wconf 88' lang='lat' dir='ltr'>quodam</span> <span class='ocrx_word' id='word_1_127' title='bbox 1321 1199 1457 1251; x_wconf 80' lang='lat' dir='ltr'>pacto,</span> <span class='ocrx_word' id='word_1_128' title='bbox 1521 1196 1614 1246; x_wconf 83' lang='lat' dir='ltr'>Qua</span> <span class='ocrx_word' id='word_1_129' title='bbox 1646 1212 1740 1240; x_wconf 91' lang='lat' dir='ltr'>cum</span> <span class='ocrx_word' id='word_1_130' title='bbox 1771 1213 1868 1246; x_wconf 84' lang='lat' dir='ltr'>con-</span> 
     </span>
     <span class='ocr_line' id='line_1_18' title="bbox 351 1267 1869 1325; baseline 0.002 -16"><span class='ocrx_word' id='word_1_131' title='bbox 351 1268 516 1310; x_wconf 85' lang='lat' dir='ltr'>dicione</span> <span class='ocrx_word' id='word_1_132' title='bbox 550 1269 710 1322; x_wconf 87' lang='lat' dir='ltr'>optime</span> <span class='ocrx_word' id='word_1_133' title='bbox 750 1268 948 1324; x_wconf 89' lang='lat' dir='ltr'>congruit</span> <span class='ocrx_word' id='word_1_134' title='bbox 980 1268 1094 1323; x_wconf 90' lang='lat' dir='ltr'>quod</span> <span class='ocrx_word' id='word_1_135' title='bbox 1126 1268 1172 1309; x_wconf 90' lang='lat' dir='ltr'>in</span> <span class='ocrx_word' id='word_1_136' title='bbox 1203 1268 1422 1323; x_wconf 91' lang='lat' dir='ltr'>prooemio</span> <span class='ocrx_word' id='word_1_137' title='bbox 1453 1267 1553 1310; x_wconf 89' lang='lat' dir='ltr'>libri</span> <span class='ocrx_word' id='word_1_138' title='bbox 1585 1268 1605 1309; x_wconf 95' lang='lat' dir='ltr'>I</span> <span class='ocrx_word' id='word_1_139' title='bbox 1638 1271 1681 1310; x_wconf 92' lang='lat' dir='ltr'>et</span> <span class='ocrx_word' id='word_1_140' title='bbox 1709 1269 1754 1310; x_wconf 92' lang='lat' dir='ltr'>in</span> <span class='ocrx_word' id='word_1_141' title='bbox 1786 1271 1869 1325; x_wconf 89' lang='lat' dir='ltr'>epi-</span> 
     </span>
     <span class='ocr_line' id='line_1_19' title="bbox 350 1338 1870 1394; baseline 0.001 -14"><span class='ocrx_word' id='word_1_142' title='bbox 350 1340 460 1394; x_wconf 81' lang='lat' dir='ltr'>logis</span> <span class='ocrx_word' id='word_1_143' title='bbox 498 1339 597 1380; x_wconf 89' lang='lat' dir='ltr'>libri</span> <span class='ocrx_word' id='word_1_144' title='bbox 628 1338 649 1379; x_wconf 86' lang='lat' dir='ltr'>I</span> <span class='ocrx_word' id='word_1_145' title='bbox 680 1342 723 1380; x_wconf 89' lang='lat' dir='ltr'>et</span> <span class='ocrx_word' id='word_1_146' title='bbox 755 1339 797 1380; x_wconf 93' lang='grc' dir='ltr'>Π</span> <span class='ocrx_word' id='word_1_147' title='bbox 835 1339 1065 1382; x_wconf 85' lang='lat' dir='ltr'>admodum</span> <span class='ocrx_word' id='word_1_148' title='bbox 1107 1340 1285 1381; x_wconf 87' lang='lat' dir='ltr'>comiter</span> <span class='ocrx_word' id='word_1_149' title='bbox 1330 1341 1372 1380; x_wconf 89' lang='lat' dir='ltr'>et</span> <span class='ocrx_word' id='word_1_150' title='bbox 1414 1339 1600 1381; x_wconf 88' lang='lat' dir='ltr'>humane</span> <span class='ocrx_word' id='word_1_151' title='bbox 1639 1354 1730 1382; x_wconf 89' lang='lat' dir='ltr'>sese</span> <span class='ocrx_word' id='word_1_152' title='bbox 1767 1342 1870 1383; x_wconf 90' lang='lat' dir='ltr'>noui</span> 
     </span>
     <span class='ocr_line' id='line_1_20' title="bbox 352 1410 1873 1466; baseline 0.001 -13"><span class='ocrx_word' id='word_1_153' title='bbox 352 1410 524 1466; x_wconf 82' lang='lat' dir='ltr'>cognati</span> <span class='ocrx_word' id='word_1_154' title='bbox 550 1411 766 1452; x_wconf 90' lang='lat' dir='ltr'>uoluntati</span> <span class='ocrx_word' id='word_1_155' title='bbox 794 1425 958 1452; x_wconf 90' lang='lat' dir='ltr'>morem</span> <span class='ocrx_word' id='word_1_156' title='bbox 984 1425 1130 1466; x_wconf 82' lang='lat' dir='ltr'>gerere</span> <span class='ocrx_word' id='word_1_157' title='bbox 1156 1410 1374 1466; x_wconf 88' lang='lat' dir='ltr'>professus</span> <span class='ocrx_word' id='word_1_158' title='bbox 1406 1412 1471 1452; x_wconf 90' lang='lat' dir='ltr'>est</span> <span class='ocrx_word' id='word_1_159' title='bbox 1502 1425 1680 1466; x_wconf 90' lang='lat' dir='ltr'>eumque</span> <span class='ocrx_word' id='word_1_160' title='bbox 1712 1426 1798 1454; x_wconf 88' lang='lat' dir='ltr'>non</span> <span class='ocrx_word' id='word_1_161' title='bbox 1824 1415 1873 1454; x_wconf 91' lang='lat' dir='ltr'>ut</span> 
     </span>
     <span class='ocr_line' id='line_1_21' title="bbox 352 1481 1871 1526; baseline 0.002 -3"><span class='ocrx_word' id='word_1_162' title='bbox 352 1482 536 1524; x_wconf 86' lang='lat' dir='ltr'>amicum</span> <span class='ocrx_word' id='word_1_163' title='bbox 563 1484 605 1523; x_wconf 88' lang='lat' dir='ltr'>et</span> <span class='ocrx_word' id='word_1_164' title='bbox 629 1481 738 1524; x_wconf 92' lang='lat' dir='ltr'>bene</span> <span class='ocrx_word' id='word_1_165' title='bbox 764 1486 915 1524; x_wconf 87' lang='lat' dir='ltr'>notum</span> <span class='ocrx_word' id='word_1_166' title='bbox 943 1482 1016 1524; x_wconf 87' lang='lat' dir='ltr'>sed</span> <span class='ocrx_word' id='word_1_167' title='bbox 1043 1485 1090 1524; x_wconf 90' lang='lat' dir='ltr'>ut</span> <span class='ocrx_word' id='word_1_168' title='bbox 1114 1482 1333 1524; x_wconf 89' lang='lat' dir='ltr'>hominem</span> <span class='ocrx_word' id='word_1_169' title='bbox 1357 1482 1589 1524; x_wconf 86' lang='lat' dir='ltr'>etiamtunc</span> <span class='ocrx_word' id='word_1_170' title='bbox 1616 1497 1641 1524; x_wconf 92' lang='lat' dir='ltr'>a</span> <span class='ocrx_word' id='word_1_171' title='bbox 1667 1498 1743 1525; x_wconf 89' lang='lat' dir='ltr'>sua</span> <span class='ocrx_word' id='word_1_172' title='bbox 1774 1498 1871 1526; x_wconf 92' lang='lat' dir='ltr'>con-</span> 
     </span>
     <span class='ocr_line' id='line_1_22' title="bbox 353 1553 1871 1608; baseline 0.001 -13"><span class='ocrx_word' id='word_1_173' title='bbox 353 1553 576 1595; x_wconf 87' lang='lat' dir='ltr'>suetudine</span> <span class='ocrx_word' id='word_1_174' title='bbox 596 1556 808 1595; x_wconf 86' lang='lat' dir='ltr'>remotum</span> <span class='ocrx_word' id='word_1_175' title='bbox 830 1557 872 1595; x_wconf 91' lang='lat' dir='ltr'>et</span> <span class='ocrx_word' id='word_1_176' title='bbox 887 1554 1075 1595; x_wconf 87' lang='lat' dir='ltr'>alienum</span> <span class='ocrx_word' id='word_1_177' title='bbox 1095 1554 1287 1608; x_wconf 88' lang='lat' dir='ltr'>appellat</span> <span class='ocrx_word' id='word_1_178' title='bbox 1306 1556 1548 1595; x_wconf 83' lang='lat' dir='ltr'>reuerenter</span> <span class='ocrx_word' id='word_1_179' title='bbox 1569 1557 1611 1596; x_wconf 93' lang='lat' dir='ltr'>et</span> <span class='ocrx_word' id='word_1_180' title='bbox 1629 1553 1871 1597; x_wconf 84' lang='lat' dir='ltr'>honorifice.</span> 
     </span>
    </p>

    <p class='ocr_par' dir='ltr' id='par_1_4' title="bbox 350 1624 1880 2960">
     <span class='ocr_line' id='line_1_23' title="bbox 474 1624 1874 1681; baseline 0.001 -15"><span class='ocrx_word' id='word_1_181' title='bbox 474 1624 610 1667; x_wconf 88' lang='lat' dir='ltr'>Totus</span> <span class='ocrx_word' id='word_1_182' title='bbox 649 1640 750 1666; x_wconf 88' lang='lat' dir='ltr'>uero</span> <span class='ocrx_word' id='word_1_183' title='bbox 790 1625 915 1667; x_wconf 85' lang='lat' dir='ltr'>stilus</span> <span class='ocrx_word' id='word_1_184' title='bbox 953 1625 1151 1680; x_wconf 90' lang='lat' dir='ltr'>ratioque</span> <span class='ocrx_word' id='word_1_185' title='bbox 1191 1625 1354 1667; x_wconf 87' lang='lat' dir='ltr'>dicendi</span> <span class='ocrx_word' id='word_1_186' title='bbox 1394 1640 1478 1680; x_wconf 87' lang='lat' dir='ltr'>qua</span> <span class='ocrx_word' id='word_1_187' title='bbox 1521 1625 1655 1667; x_wconf 87' lang='lat' dir='ltr'>utitur</span> <span class='ocrx_word' id='word_1_188' title='bbox 1693 1626 1874 1681; x_wconf 83' lang='lat' dir='ltr'>scriptor</span> 
     </span>
     <span class='ocr_line' id='line_1_24' title="bbox 350 1696 1873 1752; baseline 0.001 -15"><span class='ocrx_word' id='word_1_189' title='bbox 350 1711 464 1738; x_wconf 91' lang='lat' dir='ltr'>nunc</span> <span class='ocrx_word' id='word_1_190' title='bbox 503 1696 700 1752; x_wconf 88' lang='lat' dir='ltr'>egregius</span> <span class='ocrx_word' id='word_1_191' title='bbox 741 1699 783 1738; x_wconf 91' lang='lat' dir='ltr'>et</span> <span class='ocrx_word' id='word_1_192' title='bbox 821 1696 1036 1750; x_wconf 87' lang='lat' dir='ltr'>perfectus</span> <span class='ocrx_word' id='word_1_193' title='bbox 1077 1699 1142 1738; x_wconf 90' lang='lat' dir='ltr'>est</span> <span class='ocrx_word' id='word_1_194' title='bbox 1180 1697 1315 1738; x_wconf 88' lang='lat' dir='ltr'>ueluti</span> <span class='ocrx_word' id='word_1_195' title='bbox 1352 1696 1396 1737; x_wconf 92' lang='lat' dir='ltr'>in</span> <span class='ocrx_word' id='word_1_196' title='bbox 1435 1697 1641 1752; x_wconf 84' lang='lat' dir='ltr'>exemplis</span> <span class='ocrx_word' id='word_1_197' title='bbox 1680 1700 1723 1738; x_wconf 90' lang='lat' dir='ltr'>et</span> <span class='ocrx_word' id='word_1_198' title='bbox 1754 1712 1873 1752; x_wconf 87' lang='lat' dir='ltr'>prae-</span> 
     </span>
     <span class='ocr_line' id='line_1_25' title="bbox 353 1767 1873 1824; baseline 0.001 -16"><span class='ocrx_word' id='word_1_199' title='bbox 353 1768 487 1821; x_wconf 86' lang='lat' dir='ltr'>ceptis</span> <span class='ocrx_word' id='word_1_200' title='bbox 528 1767 680 1822; x_wconf 87' lang='lat' dir='ltr'>quibus</span> <span class='ocrx_word' id='word_1_201' title='bbox 720 1767 907 1809; x_wconf 88' lang='lat' dir='ltr'>doctoris</span> <span class='ocrx_word' id='word_1_202' title='bbox 947 1767 1107 1809; x_wconf 85' lang='lat' dir='ltr'>dictata</span> <span class='ocrx_word' id='word_1_203' title='bbox 1145 1768 1336 1822; x_wconf 88' lang='lat' dir='ltr'>sequitur</span> <span class='ocrx_word' id='word_1_204' title='bbox 1372 1782 1485 1809; x_wconf 89' lang='lat' dir='ltr'>nunc</span> <span class='ocrx_word' id='word_1_205' title='bbox 1521 1768 1748 1810; x_wconf 89' lang='lat' dir='ltr'>admodum</span> <span class='ocrx_word' id='word_1_206' title='bbox 1787 1785 1873 1824; x_wconf 85' lang='grc' dir='ltr'><em>μει-</em></span> 
     </span>
     <span class='ocr_line' id='line_1_26' title="bbox 355 1839 1874 1895; baseline 0.002 -16"><span class='ocrx_word' id='word_1_207' title='bbox 355 1839 574 1894; x_wconf 73' lang='grc' dir='ltr'><em>ρακιώδης</em></span> <span class='ocrx_word' id='word_1_208' title='bbox 627 1841 669 1879; x_wconf 84' lang='grc' dir='ltr'><strong>εὴ</strong></span> <span class='ocrx_word' id='word_1_209' title='bbox 722 1839 923 1895; x_wconf 79' lang='grc' dir='ltr'><em>ληρώδης</em></span> <span class='ocrx_word' id='word_1_210' title='bbox 981 1839 1111 1880; x_wconf 90' lang='lat' dir='ltr'>ueluti</span> <span class='ocrx_word' id='word_1_211' title='bbox 1162 1839 1207 1880; x_wconf 90' lang='lat' dir='ltr'>in</span> <span class='ocrx_word' id='word_1_212' title='bbox 1262 1839 1589 1881; x_wconf 87' lang='lat' dir='ltr'>transitionibus</span> <span class='ocrx_word' id='word_1_213' title='bbox 1644 1840 1874 1894; x_wconf 90' lang='lat' dir='ltr'>prooemiis</span> 
     </span>
     <span class='ocr_line' id='line_1_27' title="bbox 353 1909 1874 1966; baseline 0.001 -15"><span class='ocrx_word' id='word_1_214' title='bbox 353 1910 535 1964; x_wconf 86' lang='lat' dir='ltr'>epilogis</span> <span class='ocrx_word' id='word_1_215' title='bbox 581 1911 863 1965; x_wconf 87' lang='lat' dir='ltr'>omnibusque</span> <span class='ocrx_word' id='word_1_216' title='bbox 911 1909 1213 1952; x_wconf 88' lang='lat' dir='ltr'>additamentis</span> <span class='ocrx_word' id='word_1_217' title='bbox 1258 1911 1311 1952; x_wconf 87' lang='lat' dir='ltr'>ab</span> <span class='ocrx_word' id='word_1_218' title='bbox 1357 1910 1432 1952; x_wconf 88' lang='lat' dir='ltr'>illo</span> <span class='ocrx_word' id='word_1_219' title='bbox 1469 1910 1565 1964; x_wconf 86' lang='lat' dir='ltr'>ipso</span> <span class='ocrx_word' id='word_1_220' title='bbox 1607 1912 1874 1966; x_wconf 84' lang='lat' dir='ltr'>conscriptis</span> 
     </span>
     <span class='ocr_line' id='line_1_28' title="bbox 352 1980 1875 2052; baseline 0.001 -30"><span class='ocrx_word' id='word_1_221' title='bbox 352 1980 527 2022; x_wconf 85' lang='lat' dir='ltr'>Etenim</span> <span class='ocrx_word' id='word_1_222' title='bbox 566 1996 744 2052; x_wconf 86' lang='lat' dir='ltr'>puerum</span> <span class='ocrx_word' id='word_1_223' title='bbox 784 1982 903 2038; x_wconf 89' lang='lat' dir='ltr'>sapit</span> <span class='ocrx_word' id='word_1_224' title='bbox 931 1996 1156 2024; x_wconf 84' lang='lat' dir='ltr'>causarum</span> <span class='ocrx_word' id='word_1_225' title='bbox 1194 1981 1413 2036; x_wconf 86' lang='lat' dir='ltr'>tripertita</span> <span class='ocrx_word' id='word_1_226' title='bbox 1445 1981 1599 2023; x_wconf 91' lang='lat' dir='ltr'>diuisio</span> <span class='ocrx_word' id='word_1_227' title='bbox 1634 1985 1676 2023; x_wconf 89' lang='lat' dir='ltr'>et</span> <span class='ocrx_word' id='word_1_228' title='bbox 1709 1982 1875 2024; x_wconf 86' lang='lat' dir='ltr'>curiosa</span> 
     </span>
     <span class='ocr_line' id='line_1_29' title="bbox 355 2041 1875 2108; baseline 0.001 -15.015"><span class='ocrx_word' id='word_1_229' title='bbox 355 2055 396 2094; x_wconf 91' lang='lat' dir='ltr'>et</span> <span class='ocrx_word' id='word_1_230' title='bbox 435 2052 582 2106; x_wconf 90' lang='lat' dir='ltr'>inepta</span> <span class='ocrx_word' id='word_1_231' title='bbox 619 2066 728 2107; x_wconf 86' lang='lat' dir='ltr'>quae</span> <span class='ocrx_word' id='word_1_232' title='bbox 731 2047 834 2093; x_wconf 74' lang='lat' dir='ltr'>fit</span> <span class='ocrx_word' id='word_1_233' title='bbox 840 2041 917 2094; x_wconf 72' lang='lat' dir='ltr'>lV</span> <span class='ocrx_word' id='word_1_234' title='bbox 946 2052 1019 2107; x_wconf 82' lang='lat'>56,</span> <span class='ocrx_word' id='word_1_235' title='bbox 1041 2053 1116 2108; x_wconf 88' lang='grc'>69,</span> <span class='ocrx_word' id='word_1_236' title='bbox 1154 2055 1245 2094; x_wconf 88' lang='lat' dir='ltr'>tum</span> <span class='ocrx_word' id='word_1_237' title='bbox 1279 2052 1493 2094; x_wconf 88' lang='lat' dir='ltr'>antitheta</span> <span class='ocrx_word' id='word_1_238' title='bbox 1524 2053 1600 2094; x_wconf 89' lang='lat' dir='ltr'>illa</span> <span class='ocrx_word' id='word_1_239' title='bbox 1632 2052 1652 2093; x_wconf 92' lang='lat' dir='ltr'>I</span> <span class='ocrx_word' id='word_1_240' title='bbox 1686 2052 1814 2107; x_wconf 84' lang='grc'>1,1</span> <span class='ocrx_word' id='word_1_241' title='bbox 1823 2068 1875 2095; x_wconf 93' lang='lat' dir='ltr'>ne</span> 
     </span>
     <span class='ocr_line' id='line_1_30' title="bbox 355 2123 1875 2179; baseline 0.001 -15"><span class='ocrx_word' id='word_1_242' title='bbox 355 2126 430 2165; x_wconf 88' lang='lat' dir='ltr'>aut</span> <span class='ocrx_word' id='word_1_243' title='bbox 473 2125 547 2164; x_wconf 92' lang='lat' dir='ltr'>tua</span> <span class='ocrx_word' id='word_1_244' title='bbox 593 2138 722 2166; x_wconf 87' lang='lat' dir='ltr'>causa</span> <span class='ocrx_word' id='word_1_245' title='bbox 765 2124 953 2166; x_wconf 90' lang='lat' dir='ltr'>noluisse</span> <span class='ocrx_word' id='word_1_246' title='bbox 999 2127 1071 2166; x_wconf 88' lang='lat' dir='ltr'>aut</span> <span class='ocrx_word' id='word_1_247' title='bbox 1114 2124 1277 2179; x_wconf 82' lang='lat' dir='ltr'>fugisse</span> <span class='ocrx_word' id='word_1_248' title='bbox 1328 2138 1407 2166; x_wconf 89' lang='lat' dir='ltr'>nos</span> <span class='ocrx_word' id='word_1_249' title='bbox 1457 2123 1648 2165; x_wconf 89' lang='lat' dir='ltr'>laborem</span> <span class='ocrx_word' id='word_1_250' title='bbox 1690 2124 1875 2178; x_wconf 83' lang='lat' dir='ltr'>putares’</span> 
     </span>
     <span class='ocr_line' id='line_1_31' title="bbox 353 2193 1877 2250; baseline 0 -14"><span class='ocrx_word' id='word_1_251' title='bbox 353 2193 422 2236; x_wconf 88' lang='lat' dir='ltr'>III</span> <span class='ocrx_word' id='word_1_252' title='bbox 448 2194 516 2250; x_wconf 79' lang='lat'>24,</span> <span class='ocrx_word' id='word_1_253' title='bbox 541 2194 599 2236; x_wconf 82' lang='lat'>40</span> <span class='ocrx_word' id='word_1_254' title='bbox 637 2193 710 2236; x_wconf 78' lang='lat' dir='ltr'>ene</span> <span class='ocrx_word' id='word_1_255' title='bbox 753 2198 826 2236; x_wconf 89' lang='lat' dir='ltr'>aut</span> <span class='ocrx_word' id='word_1_256' title='bbox 857 2198 942 2237; x_wconf 22' lang='lat' dir='ltr'>*tuo</span> <span class='ocrx_word' id='word_1_257' title='bbox 986 2195 1127 2237; x_wconf 87' lang='lat' dir='ltr'>studio</span> <span class='ocrx_word' id='word_1_258' title='bbox 1171 2194 1302 2236; x_wconf 87' lang='lat' dir='ltr'>diffisi</span> <span class='ocrx_word' id='word_1_259' title='bbox 1343 2198 1416 2236; x_wconf 90' lang='lat' dir='ltr'>aut</span> <span class='ocrx_word' id='word_1_260' title='bbox 1456 2195 1595 2236; x_wconf 89' lang='lat' dir='ltr'>minus</span> <span class='ocrx_word' id='word_1_261' title='bbox 1640 2209 1767 2250; x_wconf 84' lang='lat' dir='ltr'>quam</span> <span class='ocrx_word' id='word_1_262' title='bbox 1811 2210 1877 2236; x_wconf 88' lang='lat' dir='ltr'>res</span> 
     </span>
     <span class='ocr_line' id='line_1_32' title="bbox 354 2265 1879 2321; baseline 0.001 -15"><span class='ocrx_word' id='word_1_263' title='bbox 354 2266 548 2320; x_wconf 84' lang='lat' dir='ltr'>postulat</span> <span class='ocrx_word' id='word_1_264' title='bbox 592 2265 749 2307; x_wconf 84' lang='lat' dir='ltr'>dixisse</span> <span class='ocrx_word' id='word_1_265' title='bbox 795 2266 1037 2308; x_wconf 87' lang='lat' dir='ltr'>uideamur&#39;</span> <span class='ocrx_word' id='word_1_266' title='bbox 1084 2281 1161 2309; x_wconf 88' lang='lat' dir='ltr'>nec</span> <span class='ocrx_word' id='word_1_267' title='bbox 1207 2267 1348 2308; x_wconf 90' lang='lat' dir='ltr'>minus</span> <span class='ocrx_word' id='word_1_268' title='bbox 1393 2266 1539 2321; x_wconf 89' lang='lat' dir='ltr'>inepta</span> <span class='ocrx_word' id='word_1_269' title='bbox 1576 2266 1765 2321; x_wconf 87' lang='lat' dir='ltr'>plurima</span> <span class='ocrx_word' id='word_1_270' title='bbox 1803 2266 1879 2308; x_wconf 89' lang='lat' dir='ltr'>illa</span> 
     </span>
     <span class='ocr_line' id='line_1_33' title="bbox 356 2337 1878 2392; baseline 0 -14"><span class='ocrx_word' id='word_1_271' title='bbox 356 2351 464 2391; x_wconf 85' lang='lat' dir='ltr'>quae</span> <span class='ocrx_word' id='word_1_272' title='bbox 498 2351 592 2378; x_wconf 88' lang='lat' dir='ltr'>cum</span> <span class='ocrx_word' id='word_1_273' title='bbox 625 2351 674 2379; x_wconf 75' lang='lat'>226</span> <span class='ocrx_word' id='word_1_274' title='bbox 705 2337 917 2391; x_wconf 88' lang='lat' dir='ltr'>particula</span> <span class='ocrx_word' id='word_1_275' title='bbox 948 2338 1163 2392; x_wconf 84' lang='lat' dir='ltr'>incipiunt</span> <span class='ocrx_word' id='word_1_276' title='bbox 1195 2338 1420 2379; x_wconf 84' lang='lat' dir='ltr'>enuntiata</span> <span class='ocrx_word' id='word_1_277' title='bbox 1451 2338 1674 2392; x_wconf 84' lang='lat' dir='ltr'>praecipue</span> <span class='ocrx_word' id='word_1_278' title='bbox 1707 2338 1750 2378; x_wconf 86' lang='lat' dir='ltr'>in</span> <span class='ocrx_word' id='word_1_279' title='bbox 1781 2352 1878 2391; x_wconf 89' lang='lat' dir='ltr'>pro-</span> 
     </span>
     <span class='ocr_line' id='line_1_34' title="bbox 356 2407 1879 2462; baseline 0.001 -14"><span class='ocrx_word' id='word_1_280' title='bbox 356 2407 505 2449; x_wconf 91' lang='lat' dir='ltr'>oemiis</span> <span class='ocrx_word' id='word_1_281' title='bbox 534 2410 575 2449; x_wconf 90' lang='lat' dir='ltr'>et</span> <span class='ocrx_word' id='word_1_282' title='bbox 601 2408 783 2462; x_wconf 87' lang='lat' dir='ltr'>epilogis</span> <span class='ocrx_word' id='word_1_283' title='bbox 810 2409 1086 2450; x_wconf 86' lang='lat' dir='ltr'>occurrentia.</span> <span class='ocrx_word' id='word_1_284' title='bbox 1139 2408 1346 2450; x_wconf 85' lang='lat' dir='ltr'>Tumidus</span> <span class='ocrx_word' id='word_1_285' title='bbox 1375 2412 1520 2449; x_wconf 90' lang='lat' dir='ltr'>autem</span> <span class='ocrx_word' id='word_1_286' title='bbox 1547 2412 1589 2449; x_wconf 90' lang='lat' dir='ltr'>et</span> <span class='ocrx_word' id='word_1_287' title='bbox 1615 2408 1788 2449; x_wconf 87' lang='lat' dir='ltr'>inflatus</span> <span class='ocrx_word' id='word_1_288' title='bbox 1815 2412 1879 2450; x_wconf 88' lang='lat' dir='ltr'>est</span> 
     </span>
     <span class='ocr_line' id='line_1_35' title="bbox 354 2477 1878 2534; baseline 0.001 -15"><span class='ocrx_word' id='word_1_289' title='bbox 354 2478 455 2520; x_wconf 91' lang='lat' dir='ltr'>libri</span> <span class='ocrx_word' id='word_1_290' title='bbox 485 2477 505 2519; x_wconf 96' lang='lat' dir='ltr'>I</span> <span class='ocrx_word' id='word_1_291' title='bbox 538 2478 675 2520; x_wconf 83' lang='lat' dir='ltr'>exitus</span> <span class='ocrx_word' id='word_1_292' title='bbox 714 2479 802 2520; x_wconf 88' lang='lat' dir='ltr'>hic:</span> <span class='ocrx_word' id='word_1_293' title='bbox 842 2478 910 2520; x_wconf 71' lang='lat' dir='ltr'>eut</span> <span class='ocrx_word' id='word_1_294' title='bbox 949 2494 1025 2534; x_wconf 86' lang='lat' dir='ltr'>pro</span> <span class='ocrx_word' id='word_1_295' title='bbox 1065 2483 1139 2521; x_wconf 88' lang='lat' dir='ltr'>tuo</span> <span class='ocrx_word' id='word_1_296' title='bbox 1179 2479 1221 2520; x_wconf 89' lang='lat' dir='ltr'>in</span> <span class='ocrx_word' id='word_1_297' title='bbox 1259 2494 1335 2521; x_wconf 91' lang='lat' dir='ltr'>nos</span> <span class='ocrx_word' id='word_1_298' title='bbox 1376 2479 1517 2520; x_wconf 86' lang='lat' dir='ltr'>officio</span> <span class='ocrx_word' id='word_1_299' title='bbox 1558 2481 1705 2520; x_wconf 84' lang='lat' dir='ltr'>nostro</span> <span class='ocrx_word' id='word_1_300' title='bbox 1752 2479 1796 2520; x_wconf 88' lang='lat' dir='ltr'>in</span> <span class='ocrx_word' id='word_1_301' title='bbox 1836 2482 1878 2520; x_wconf 90' lang='lat' dir='ltr'>te</span> 
     </span>
     <span class='ocr_line' id='line_1_36' title="bbox 358 2548 1880 2605; baseline 0 -14"><span class='ocrx_word' id='word_1_302' title='bbox 358 2548 496 2591; x_wconf 89' lang='lat' dir='ltr'>studio</span> <span class='ocrx_word' id='word_1_303' title='bbox 529 2564 683 2591; x_wconf 89' lang='lat' dir='ltr'>munus</span> <span class='ocrx_word' id='word_1_304' title='bbox 709 2550 789 2591; x_wconf 88' lang='lat' dir='ltr'>hoc</span> <span class='ocrx_word' id='word_1_305' title='bbox 818 2549 1225 2592; x_wconf 83' lang='lat' dir='ltr'>adcumulatissume</span> <span class='ocrx_word' id='word_1_306' title='bbox 1252 2553 1351 2592; x_wconf 90' lang='lat' dir='ltr'>tuae</span> <span class='ocrx_word' id='word_1_307' title='bbox 1378 2550 1613 2605; x_wconf 86' lang='lat' dir='ltr'>largiamur</span> <span class='ocrx_word' id='word_1_308' title='bbox 1639 2549 1880 2592; x_wconf 67' lang='lat' dir='ltr'>uoluntati?</span> 
     </span>
     <span class='ocr_line' id='line_1_37' title="bbox 356 2620 1879 2675; baseline 0.001 -14"><span class='ocrx_word' id='word_1_309' title='bbox 356 2620 585 2662; x_wconf 82' lang='lat' dir='ltr'>Praeterea</span> <span class='ocrx_word' id='word_1_310' title='bbox 617 2621 659 2661; x_wconf 84' lang='lat' dir='ltr'>iu</span> <span class='ocrx_word' id='word_1_311' title='bbox 692 2620 877 2662; x_wconf 87' lang='lat' dir='ltr'>rhetoris</span> <span class='ocrx_word' id='word_1_312' title='bbox 910 2621 1056 2663; x_wconf 78' lang='lat' dir='ltr'>schola</span> <span class='ocrx_word' id='word_1_313' title='bbox 1090 2636 1185 2663; x_wconf 88' lang='lat' dir='ltr'>cum</span> <span class='ocrx_word' id='word_1_314' title='bbox 1219 2622 1324 2663; x_wconf 87' lang='lat' dir='ltr'>talia</span> <span class='ocrx_word' id='word_1_315' title='bbox 1350 2621 1622 2663; x_wconf 86' lang='lat' dir='ltr'>traderentur</span> <span class='ocrx_word' id='word_1_316' title='bbox 1652 2624 1879 2675; x_wconf 83' lang='lat' dir='ltr'>praecepta</span> 
     </span>
     <span class='ocr_line' id='line_1_38' title="bbox 358 2691 1879 2747; baseline 0 -15"><span class='ocrx_word' id='word_1_317' title='bbox 358 2692 498 2744; x_wconf 83' lang='lat' dir='ltr'>qualia</span> <span class='ocrx_word' id='word_1_318' title='bbox 535 2691 737 2747; x_wconf 85' lang='lat' dir='ltr'>leguntur</span> <span class='ocrx_word' id='word_1_319' title='bbox 775 2692 794 2733; x_wconf 85' lang='lat' dir='ltr'>I</span> <span class='ocrx_word' id='word_1_320' title='bbox 834 2693 877 2747; x_wconf 83' lang='grc'>6,</span> <span class='ocrx_word' id='word_1_321' title='bbox 911 2693 965 2734; x_wconf 87' lang='grc'>10</span> <span class='ocrx_word' id='word_1_322' title='bbox 1008 2692 1106 2734; x_wconf 66' lang='lat' dir='ltr'>‘nos</span> <span class='ocrx_word' id='word_1_323' title='bbox 1153 2708 1239 2735; x_wconf 91' lang='lat' dir='ltr'>non</span> <span class='ocrx_word' id='word_1_324' title='bbox 1279 2693 1426 2735; x_wconf 91' lang='lat' dir='ltr'>eodem</span> <span class='ocrx_word' id='word_1_325' title='bbox 1470 2692 1617 2746; x_wconf 85' lang='lat' dir='ltr'>modo,</span> <span class='ocrx_word' id='word_1_326' title='bbox 1661 2694 1708 2732; x_wconf 92' lang='lat' dir='ltr'>ut</span> <span class='ocrx_word' id='word_1_327' title='bbox 1751 2692 1879 2733; x_wconf 86' lang='lat' dir='ltr'>ceteri</span> 
     </span>
     <span class='ocr_line' id='line_1_39' title="bbox 359 2763 1880 2818; baseline 0.001 -15"><span class='ocrx_word' id='word_1_328' title='bbox 359 2764 525 2804; x_wconf 75' lang='lat' dir='ltr'>soleant</span> <span class='ocrx_word' id='word_1_329' title='bbox 566 2764 698 2805; x_wconf 89' lang='lat' dir='ltr'>uerba</span> <span class='ocrx_word' id='word_1_330' title='bbox 736 2763 945 2805; x_wconf 80' lang='lat' dir='ltr'>facturos’</span> <span class='ocrx_word' id='word_1_331' title='bbox 995 2766 1043 2805; x_wconf 90' lang='grc'>11</span> <span class='ocrx_word' id='word_1_332' title='bbox 1056 2798 1064 2818; x_wconf 89' lang='grc'>,</span> <span class='ocrx_word' id='word_1_333' title='bbox 1090 2764 1141 2805; x_wconf 83' lang='grc'>18</span> <span class='ocrx_word' id='word_1_334' title='bbox 1182 2763 1534 2806; x_wconf 77' lang='lat' dir='ltr'>‘constitutiones</span> <span class='ocrx_word' id='word_1_335' title='bbox 1571 2763 1645 2804; x_wconf 89' lang='lat' dir='ltr'>alii</span> <span class='ocrx_word' id='word_1_336' title='bbox 1677 2765 1880 2817; x_wconf 87' lang='lat' dir='ltr'>quattuor</span> 
     </span>
     <span class='ocr_line' id='line_1_40' title="bbox 359 2832 1879 2889; baseline -0.001 -15"><span class='ocrx_word' id='word_1_337' title='bbox 359 2834 568 2875; x_wconf 84' lang='lat' dir='ltr'>fecerunt:</span> <span class='ocrx_word' id='word_1_338' title='bbox 601 2837 746 2876; x_wconf 83' lang='lat' dir='ltr'>noster</span> <span class='ocrx_word' id='word_1_339' title='bbox 778 2835 927 2876; x_wconf 88' lang='lat' dir='ltr'>doctor</span> <span class='ocrx_word' id='word_1_340' title='bbox 959 2838 1045 2876; x_wconf 88' lang='lat' dir='ltr'>tres</span> <span class='ocrx_word' id='word_1_341' title='bbox 1077 2836 1250 2889; x_wconf 85' lang='lat' dir='ltr'>putauit</span> <span class='ocrx_word' id='word_1_342' title='bbox 1282 2833 1403 2888; x_wconf 78' lang='lat' dir='ltr'>esse&#39;,</span> <span class='ocrx_word' id='word_1_343' title='bbox 1443 2835 1556 2889; x_wconf 87' lang='grc'>9,16</span> <span class='ocrx_word' id='word_1_344' title='bbox 1588 2832 1684 2874; x_wconf 75' lang='lat' dir='ltr'>‘soli</span> <span class='ocrx_word' id='word_1_345' title='bbox 1709 2835 1879 2887; x_wconf 86' lang='lat' dir='ltr'>praeter</span> 
     </span>
     <span class='ocr_line' id='line_1_41' title="bbox 360 2904 1879 2960; baseline -0.001 -15"><span class='ocrx_word' id='word_1_346' title='bbox 360 2907 521 2946; x_wconf 87' lang='lat' dir='ltr'>ceteros</span> <span class='ocrx_word' id='word_1_347' title='bbox 560 2905 603 2946; x_wconf 90' lang='lat' dir='ltr'>in</span> <span class='ocrx_word' id='word_1_348' title='bbox 642 2906 725 2946; x_wconf 83' lang='lat' dir='ltr'>tria</span> <span class='ocrx_word' id='word_1_349' title='bbox 764 2908 957 2960; x_wconf 83' lang='lat' dir='ltr'>tempora</span> <span class='ocrx_word' id='word_1_350' title='bbox 996 2905 1239 2948; x_wconf 86' lang='lat' dir='ltr'>diuisimus&#39;</span> <span class='ocrx_word' id='word_1_351' title='bbox 1285 2905 1416 2959; x_wconf 83' lang='lat'><em>1117,</em></span> <span class='ocrx_word' id='word_1_352' title='bbox 1445 2906 1498 2947; x_wconf 82' lang='lat'>14</span> <span class='ocrx_word' id='word_1_353' title='bbox 1536 2904 1644 2946; x_wconf 68' lang='lat' dir='ltr'>‘non</span> <span class='ocrx_word' id='word_1_354' title='bbox 1682 2904 1879 2958; x_wconf 85' lang='lat' dir='ltr'>quemad-</span> 
     </span>
    </p>
   </div>
  </div>
 </body>
</html>
