2003 3116
326 119 410 159 164
904 115 1272 148 PROLEGOMENA‚

323 225 585 279 scripsimus,
618 222 717 276 quia
741 227 787 262 M
818 221 970 261 habuit
1001 221 1190 271 oratorio,
1226 221 1291 274 19,
1313 220 1364 260 27
1399 221 1550 274 εῐορῑιεὶ
1578 237 1643 265 res
1673 225 1772 278 quia
1797 223 1839 264 H

322 297 453 336 habet
479 293 709 346 eloquiores,
742 290 806 332 III
835 292 901 346 19,
921 292 977 333 32
1011 292 1215 341 contentei,
1249 291 1347 344 quia
1371 290 1413 331 in
1441 297 1487 331 M
1516 296 1607 334 erat
1633 296 1839 346 contentio,

322 365 387 405 ΙΙΙ
415 366 453 416 3,
476 363 501 404 5
534 363 712 404 haberet:
744 362 870 416 nullo,
902 361 976 403 ubi
1008 361 1053 402 in
1083 367 1129 402 M
1168 363 1260 401 erat
1296 360 1440 402 habere
1477 363 1523 402 in
1559 364 1690 418 nullo,
1730 365 1774 405 in
1805 372 1840 405 E

321 439 363 475 et
393 435 436 474 in
470 433 588 474 editt.
627 436 692 475 est
723 433 879 474 haberi:
916 432 1051 486 nullo,
1092 431 1200 485 117,
1225 432 1278 472 10
1319 433 1477 486 seeirei,
1517 434 1590 474 ubi
1630 433 1672 474 H
1711 434 1842 475 habet

320 505 478 555 seuiiie,
505 511 541 545 Ε
567 503 723 546 habuit
747 504 859 554 scire,
891 502 953 544 IV
981 503 1050 557 21,
1071 502 1125 543 29
1153 501 1341 557 hominei,
1373 502 1445 544 ubi
1465 509 1500 543 E
1520 503 1652 545 habet
1676 505 1843 560 homini,

319 583 365 617 M
397 576 549 616 habuit
578 575 770 617 homines.
827 572 988 616 Contra
1026 573 1071 614 in
1105 573 1248 614 uerbis
1280 572 1454 615 Graecis
1488 575 1718 616 seruandas
1751 590 1842 617 esse

321 647 515 688 duximus
540 646 722 688 traditas
750 645 956 686 lectiones
984 644 1117 685 ueluti
1144 644 1435 697 epicheremata
1467 644 1511 686 Π
1531 646 1607 699 2,2
1634 646 1843 700 siquidem

320 722 435 760 recte
468 718 672 759 scribitur
703 715 765 757 IV
795 717 833 769 6,
855 717 879 756 9
914 715 1193 769 Polycletiicm,
1227 718 1269 756 et
1300 715 1576 769 Ephiyeniam
1606 716 1671 757 ΠΙ
1698 718 1766 771 21,
1787 718 1843 760 34

327 789 535 844 siquidem
558 788 746 830 Lucilius
768 787 905 828 dicere
932 786 1074 841 potuit
1093 786 1389 828 Eisocratium:
1417 787 1527 828 conf.
1549 786 1639 829 CIL
1658 788 1697 829 X
1717 789 1799 830 277
1807 789 1844 830 7.

321 861 450 901 4411.
507 858 768 900 Petron.59.
834 856 1079 911 Simplicem
1126 857 1140 897 i
1178 871 1254 911 pro
1300 857 1459 911 duplici
1497 858 1684 912 positam
1723 860 1844 901 resti-

327 931 487 971 tuimus
532 929 653 971 codd.
694 928 827 970 secuti
866 927 887 968 I
914 927 957 980 8,
981 929 1034 969 13
1078 928 1295 982 trayoedis,
1337 927 1400 969 IV
1428 929 1501 983 27,
1527 929 1580 970 37
1627 928 1848 980 Corintlzis,

324 1002 392 1054 51,
408 1001 462 1042 64
484 1000 634 1054 Samis,
667 1000 709 1041 II
725 1002 763 1055 3,
777 1001 816 1042 4.
839 999 905 1053 19,
918 999 974 1040 30
994 1000 1180 1052 malefici,
1207 998 1269 1039 ΙΙΙ
1285 999 1324 1053 9,
1343 1000 1392 1040 17
1411 1000 1604 1053 principi,
1631 999 1694 1041 IV
1710 1001 1843 1055 54,67

322 1073 626 1125 salsamentari,
653 1072 720 1126 39,
742 1071 794 1112 51
829 1070 904 1123 lili,
939 1070 1007 1124 51,
1029 1070 1085 1110 64
1117 1071 1344 1120 clomnaedi,
1378 1071 1415 1125 3,
1437 1071 1474 1111 6.
1508 1071 1575 1124 52,
1596 1071 1662 1113 65.
1701 1072 1769 1126 56,
1790 1073 1844 1114 69

322 1144 394 1184 ali.
457 1142 680 1184 Eiusmodi
713 1144 855 1183 autem
888 1141 1122 1182 uarietates
1156 1141 1301 1195 quales
1340 1141 1385 1181 in
1417 1141 1639 1183 uocabulis
1671 1143 1847 1185 delmenia

323 1215 478 1256 deserta
509 1214 788 1255 denumeratio
820 1212 993 1254 dimissa
1033 1212 1199 1265 diliycrc
1235 1212 1464 1253 diminutus
1502 1213 1678 1265 diripere
1714 1215 1846 1256 dincr—

323 1286 479 1326 Sorinm
511 1284 888 1339 deprehenduntur
921 1283 1136 1336 copiosius
1169 1285 1356 1324 tractare
1389 1284 1506 1324 nolo:
1539 1297 1605 1324 res
1639 1284 1750 1324 enim
1784 1285 1847 1325 in-

326 1356 576 1409 certissima,
609 1370 704 1396 cum
737 1355 805 1395 uel
838 1354 997 1395 liberae
1024 1353 1287 1407 reipublicae
1315 1357 1591 1394 monumenta
1619 1354 1849 1396 exhibeant

328 1427 461 1468 ueluti
495 1427 658 1480 infistae
687 1427 848 1468 cineum
875 1424 1002 1466 sicuti
1034 1424 1097 1465 IV
1125 1425 1162 1475 7,
1186 1425 1241 1465 10
1266 1431 1312 1465 Μ
1338 1424 1490 1465 habuit
1520 1425 1661 1467 dibeat.
1712 1425 1849 1467 Accu—

328 1498 491 1540 satiuos
533 1501 679 1538 tamen
724 1500 766 1538 et
802 1496 1097 1538 nominatiuos
1142 1496 1319 1549 pluralis
1366 1496 1498 1538 omnis
1534 1495 1703 1550 hospitis
1734 1498 1850 1538 auris

325 1569 472 1622 yranis
512 1569 619 1610 alios
652 1568 809 1622 ubique
842 1582 892 1608 ex
925 1566 1045 1608 codd.
1078 1566 1326 1620 desumptos
1361 1567 1636 1608 seruauimus.

443 1639 589 1680 Etiam
622 1639 665 1679 in
709 1653 733 1680 o
772 1638 933 1679 uocalis
973 1652 1068 1678 cum
1107 1653 1132 1678 u
1173 1651 1280 1691 quae
1318 1637 1367 1678 fit
1408 1640 1739 1680 commutatione
1778 1654 1848 1680 ue-

326 1711 530 1752 tustiores
550 1710 710 1751 formas
731 1709 997 1750 restituimus
1020 1723 1070 1749 ex
1092 1708 1267 1762 optimis
1294 1707 1412 1750 codd.
1432 1707 1499 1749 III
1523 1710 1590 1762 14,
1610 1710 1677 1750 24.
1715 1710 1778 1763 15,
1794 1711 1849 1751 „⁶26

320 1782 551 1836 paniolum,
588 1782 653 1834 12,
678 1780 734 1822 22
766 1780 965 1830 uolnerat,
997 1779 1058 1820 IV
1086 1779 1155 1832 49,
1177 1779 1232 1820 63
1264 1780 1490 1834 inomnom,
1522 1780 1594 1820 ubi
1625 1786 1671 1821 M
1702 1781 1852 1822 habuit

327 1853 558 1907 incorniim,
589 1852 659 1905 51,
680 1852 736 1892 64
773 1851 974 1904 semotus,
1006 1850 1079 1891 ubi
1118 1850 1162 1890 in
1199 1857 1244 1891 M
1281 1849 1365 1890 fuit
1401 1850 1602 1892 seruatos:
1642 1852 1851 1892 uocabula

327 1923 545 1964 incolumis
583 1923 815 1964 adulescens
859 1922 1063 1963 ineundas
1108 1921 1243 1962 sciens
1290 1921 1456 1962 omitto.
1530 1921 1757 1963 Praeterea
1801 1938 1850 1964 ex

329 1994 590 2049 optimorum
641 1993 850 2034 librorum
900 1992 982 2033 fide
1034 1991 1318 2046 superlatiuos
1371 1991 1619 2046 scripsimus
1664 1996 1852 2046 optmnns

330 2066 548 2117 finitumus
591 2065 883 2106 sedatissumus
926 2064 1266 2117 depressissumns
1309 2063 1558 2118 plerumque
1604 2079 1627 2104 a
1664 2064 1852 2105 librariis

331 2139 406 2177 aut
437 2138 630 2177 mutatos
662 2136 676 2176 i
709 2135 854 2176 littera
884 2135 1022 2176 inlata
1057 2136 1131 2176 aut
1163 2134 1223 2175 ita
1249 2134 1450 2176 discissos
1484 2134 1594 2176 sicut
1627 2135 1718 2176 solo
1745 2137 1852 2176 teste

329 2207 371 2248 H
413 2208 458 2248 in
502 2206 601 2248 libri
627 2206 647 2247 Ι
686 2206 801 2248 exitu
839 2212 885 2247 M
922 2205 1073 2247 habuit
1110 2205 1383 2247 adcamnlatis
1422 2219 1549 2247 same:
1589 2206 1696 2247 conf.
1729 2203 1854 2248 Corn.

329 2277 436 2332 Nep.
467 2277 488 2318 Ι
522 2278 567 2331 5,
594 2278 620 2318 3
669 2278 811 2318 adnot.
857 2277 965 2318 crit:
1017 2277 1196 2331 denique
1248 2291 1325 2330 pro
1377 2276 1563 2328 infirmus
1605 2283 1652 2317 M
1700 2277 1851 2318 habuit

336 2348 397 2389 IV
425 2348 552 2402 8,11.
590 2348 733 2402 10,14
765 2348 966 2400 infirmus.
1030 2346 1192 2389 Contra
1230 2348 1243 2387 i
1282 2347 1469 2388 litteram
1510 2348 1775 2389 seruauimus
1808 2348 1853 2388 in

333 2420 442 2460 erint
485 2418 597 2472 quod
641 2425 687 2460 M
730 2418 882 2459 habuit
927 2420 1036 2459 teste
1080 2417 1121 2458 H
1146 2417 1166 2458 Ι
1193 2418 1325 2470 6,10.
1370 2416 1414 2458 II
1437 2418 1565 2471 7‚10:
1610 2432 1711 2459 nam
1755 2418 1854 2460 licet

337 2490 593 2543 scriptorum
644 2489 725 2530 loci
779 2489 932 2543 quibus
984 2490 1069 2530 ista
1113 2488 1255 2530 forma
1305 2489 1521 2529 inuenitur
1570 2489 1722 2530 incerti
1768 2489 1854 2530 sint

336 2575 497 2614 omnes,
528 2559 573 2600 in
606 2559 774 2601 Claudii
808 2561 999 2602 oratione
1038 2559 1314 2615 Lugdunensi
1344 2559 1388 2600 II
1409 2560 1434 2600 8
1474 2560 1633 2613 legitur
1662 2560 1852 2612 poterint,

334 2631 378 2671 in
411 2632 505 2686 lege
544 2629 782 2672 Ursonensi
822 2646 912 2685 cap.
935 2632 990 2672 64
1023 2631 1195 2685 aderint,
1228 2631 1273 2671 in
1306 2630 1537 2672 donatione
1574 2629 1712 2671 Elauii
1746 2629 1851 2684 Syn-

333 2702 480 2755 trophi
507 2701 784 2743 Wilmannsii
812 2702 1007 2756 Exempl.
1035 2702 1120 2744 313
1147 2702 1341 2756 proynati
1366 2702 1473 2743 erint
1499 2715 1635 2755 neque
1662 2701 1852 2754 ineptum

337 2773 417 2812 erit
456 2775 646 2813 statuere
685 2773 792 2814 istas
830 2773 993 2814 formas
1032 2774 1076 2814 in
1114 2773 1378 2827 plebeiorum
1424 2787 1496 2814 ore
1540 2771 1686 2812 multis
1731 2772 1852 2812 annis

334 2842 465 2882 fuisse
488 2846 715 2897 antequam
736 2843 782 2884 in
809 2844 983 2896 publica
1003 2847 1278 2885 monumenta
1298 2845 1469 2897 recepta
1489 2843 1576 2883 sint
1601 2843 1853 2895 praesertim
