2003 3116
312 133 335 172 8
886 126 1253 161 PROLEGOMENA.

312 240 527 281 excidisse.
579 236 622 278 Si
655 237 735 277 1100
773 235 843 275 1116
875 236 964 274 tam
997 233 1046 273 de
1085 232 1207 274 libris
1239 233 1291 273 ad
1322 231 1586 274 Herennium
1618 247 1744 287 quam
1777 233 1827 274 de

312 309 536 351 rhetoricis
559 321 664 361 quos
693 318 770 359 ego
797 305 865 345 uel
891 303 1224 358 perfectissimos
1252 305 1355 358 puto
1383 303 1436 344 ad
1462 303 1827 358 comparationem

315 380 460 421 senilis
505 376 757 432 prudentiae
801 375 939 416 dicere
979 374 1138 429 potuit,
1187 376 1348 429 quanto
1392 374 1529 429 magis
1574 387 1652 428 ego
1696 374 1829 415 libere

311 449 545 504 profitebor
589 450 632 487 et
673 446 780 487 illud
824 445 955 487 fuisse
999 445 1176 500 puerilis
1220 445 1384 500 ingenii
1428 447 1470 487 et
1512 445 1595 486 hoc
1639 446 1830 485 maturae

313 516 570 561 senectutis?
616 517 777 558 Deinde
805 531 918 558 anno
939 516 1026 558 402
1052 517 1096 558 in
1122 515 1323 571 apologia
1349 517 1498 558 contra
1517 514 1719 556 Rufinum
1739 514 1759 555 I
1778 515 1830 556 16

311 591 393 632 uol.
419 588 463 630 Π
489 588 528 630 Α
560 604 600 644 p.
621 588 703 629 471
739 586 924 629 Vallars.
975 585 1193 629 Ciceronis
1230 601 1360 641 opera
1396 586 1610 629 rhetorica
1640 584 1703 627 IV
1735 600 1832 627 enu-

312 663 448 702 merat
484 660 553 701 his
591 659 750 701 uerbis:
796 658 934 714 ‘Lege
979 658 1032 700 ad
1076 657 1340 700 Herennium
1378 657 1507 699 Tullii
1550 658 1703 712 libros,
1737 657 1833 711 lege

312 732 549 773 rhetoricos
589 731 696 784 eius,
740 733 832 785 aut,
876 729 976 784 quia
1013 730 1090 770 illa
1128 729 1210 771 sibi
1249 729 1351 771 dicit
1392 728 1594 770 inchoata
1632 731 1674 769 et
1711 728 1834 769 rudia

314 802 519 845 excidisse
558 802 607 843 de
646 801 861 855 manibus,
906 801 1080 843 reuolue
1118 802 1203 842 tria
1240 800 1461 842 uolumina
1498 800 1548 841 de
1581 801 1748 841 oratore
1790 799 1834 839 in

315 874 471 929 quibus
504 873 736 916 introducit
768 872 1143 927 eloquentissimos
1175 871 1292 913 illius
1324 872 1532 925 temporis
1560 868 1764 912 Crassum
1795 872 1837 910 et

315 945 552 987 Antonium
586 945 851 999 disputantes
884 946 927 985 et
959 945 1158 998 quartum
1191 945 1405 984 oratorem
1440 956 1565 996 quem
1597 941 1682 982 iam
1710 955 1837 983 senex

317 1016 468 1059 scribit
502 1016 552 1057 ad
588 1016 784 1057 Brutum:
823 1017 927 1057 tunc
958 1014 1173 1069 intelliges
1207 1014 1331 1055 aliter
1363 1013 1566 1068 componi
1598 1012 1839 1066 historiam,

317 1089 445 1130 aliter
478 1087 711 1141 orationes,
748 1087 874 1128 aliter
907 1086 1121 1140 dialogos,
1157 1086 1280 1127 aliter
1313 1085 1536 1139 epistolas,
1569 1084 1694 1125 aliter
1726 1097 1840 1125 com-

317 1158 579 1200 mentarios.²
631 1157 824 1212 Apparet
857 1172 906 1198 ex
937 1157 1004 1198 his
1037 1156 1203 1198 duobus
1237 1156 1340 1197 Iocis
1372 1155 1591 1197 hominem
1616 1155 1739 1196 illum
1767 1153 1843 1208 qui

318 1230 477 1284 primus
508 1228 767 1270 rhetoricam
801 1227 853 1269 ad
879 1226 977 1268 Her.
1006 1225 1222 1268 Ciceronis
1250 1240 1342 1267 esse
1368 1225 1711 1280 pronuntiauerit
1736 1225 1841 1266 rele-

320 1315 445 1356 gasse
485 1300 699 1342 studiosos
740 1299 792 1341 ad
830 1299 971 1340 locum
1009 1298 1132 1339 illum
1172 1297 1223 1338 de
1262 1311 1320 1338 or.
1358 1296 1377 1337 I
1411 1297 1455 1350 2,
1483 1296 1509 1338 5
1547 1296 1620 1338 ubi
1660 1296 1843 1351 scriptor

319 1387 405 1414 non
435 1372 561 1413 unius
594 1371 667 1413 sed
700 1370 880 1412 duorum
913 1369 1214 1424 opusculorum
1247 1367 1459 1422 quondam
1494 1382 1518 1408 a
1550 1381 1595 1408 se
1629 1367 1840 1408 editorum

319 1444 583 1485 mentionem
621 1441 782 1483 fecerit.
833 1440 914 1490 Qui
951 1441 1071 1482 locus
1103 1439 1173 1481 uel
1212 1438 1435 1481 monachis
1469 1438 1627 1480 saeculi
1658 1437 1743 1490 XII
1776 1438 1843 1479 uel

319 1514 427 1556 XIII
453 1513 611 1556 mansit
643 1514 749 1554 bene
782 1514 928 1556 notus:
960 1526 1059 1553 nam
1093 1511 1135 1552 in
1163 1511 1253 1554 cod.
1272 1509 1583 1565 Bambergensi
1602 1508 1687 1553 MV
1709 1509 1844 1564 9‚424

321 1586 394 1640 qui
425 1589 652 1640 utramque
686 1583 877 1625 continet
908 1583 1167 1624 rhetoricam
1198 1581 1320 1623 libris
1348 1582 1398 1623 de
1430 1581 1515 1623 inu.
1547 1581 1629 1623 1100
1661 1594 1838 1635 praepo-

321 1657 438 1698 nitur
476 1656 688 1698 scholion:
731 1654 816 1696 eest
855 1654 994 1708 prima
1031 1653 1245 1694 rethorica
1283 1667 1388 1707 quae
1432 1652 1586 1694 dicitur
1630 1652 1668 1693 ei
1712 1666 1842 1706 puero

322 1727 468 1782 elapsa
505 1726 615 1768 unde
654 1727 706 1768 acl
746 1726 836 1767 eius
875 1725 1188 1767 correccionem
1229 1723 1455 1765 secundam
1498 1710 1695 1776 scripsit.⁹
1758 1721 1845 1764 Ubi

321 1800 531 1840 terrarum
564 1797 858 1852 Hieronymus
885 1795 1104 1838 Ciceronis
1139 1795 1273 1837 libros
1308 1795 1360 1836 ad
1390 1793 1492 1837 Her.
1523 1793 1662 1848 pretio
1695 1794 1846 1835 emerit

323 1869 421 1911 sciri
458 1869 625 1924 nequit:
665 1869 825 1911 Romae
857 1882 910 1909 ne
950 1882 1025 1922 per
1057 1867 1134 1909 illa
1166 1866 1336 1921 quidem
1369 1880 1476 1921 quae
1509 1880 1638 1919 supra
1671 1865 1845 1906 adhibui

324 1940 483 1994 scripta
502 1938 757 1994 Hieronymi
783 1938 1020 1980 innotuisse
1046 1937 1260 1993 uidentur,
1286 1952 1381 1979 cum
1408 1951 1532 1977 nemo
1554 1936 1845 1978 Romanorum

323 2011 439 2053 illius
473 2011 630 2053 saeculi
664 2013 738 2053 aut
770 2009 1056 2064 posteriorum
1091 2009 1354 2051 saeculorum
1381 2008 1515 2048 ullam
1544 2007 1844 2060 e01·um=*signi-

326 2083 519 2125 ficauerit
553 2082 752 2125 notitiam
791 2084 832 2123 et
865 2095 1109 2136 quanquam
1142 2082 1310 2122 constet
1341 2078 1651 2132 Hieronymum
1684 2077 1847 2131 byblio-

327 2155 494 2196 thecam
527 2168 647 2195 suam
679 2153 843 2195 Romae
875 2165 1146 2205 comparasse
1180 2148 1311 2207 (conf.
1338 2150 1462 2204 epist.
1483 2150 1540 2192 22
1566 2149 1618 2191 ad
1644 2148 1847 2190 Eustoch.

326 2241 416 2281 cap.
437 2223 513 2281 30)
545 2228 689 2266 tamen
728 2238 822 2265 eam
861 2222 1043 2278 singulis
1076 2222 1275 2277 deinceps
1314 2221 1460 2263 lustris
1501 2233 1760 2275 magnopere
1793 2219 1846 2260 ab

326 2297 400 2338 1110
434 2298 604 2338 auctam
637 2310 725 2337 esse
757 2295 819 2337 ita
850 2296 898 2336 ut
930 2293 1223 2347 marsuppium
1257 2293 1344 2334 eius
1376 2292 1475 2333 libri
1505 2306 1640 2347 paene
1670 2305 1847 2332 euacua-

328 2367 414 2408 rint
445 2367 591 2408 multis
625 2367 696 2407 1116
727 2365 833 2407 10013
866 2364 1025 2406 docuit:
1058 2363 1166 2406 conf.
1201 2364 1321 2418 epist.
1351 2364 1406 2405 84
1440 2363 1491 2404 ad
1527 2361 1772 2403 Pammach.
1806 2363 1848 2401 et

330 2438 482 2481 Ocean.
515 2452 606 2492 cap.
633 2438 658 2478 3
693 2437 814 2491 epist.
841 2435 867 2477 5
901 2435 953 2477 ad
984 2435 1172 2477 Florent.
1206 2449 1295 2489 cap.
1323 2434 1348 2474 2
1387 2433 1603 2475 Zoeckleri
1634 2432 1847 2486 Hierony-

44 2509 310 2572 {ffiuffiussrsslcussj
330 2525 422 2552 mus
449 2525 489 2564 p.
514 2509 607 2551 154.
652 2508 877 2549 Proximus
912 2509 1055 2548 autem
1080 2505 1345 2560 Hieronymo
1373 2507 1414 2546 et
1441 2506 1579 2546 aetate
1608 2505 1649 2544 et
1675 2503 1848 2558 regione

145 2588 210 2607 ΜΒ·
333 2582 367 2622 31
399 2583 511 2622 recte
550 2593 786 2635 cognomen
818 2577 1125 2619 Antiochensis
1162 2577 1493 2630 interpretamur
1523 2575 1701 2616 Rufinus
1740 2574 1849 2614 litte-

332 2654 449 2694 rator
480 2652 561 2692 fuit
593 2651 664 2705 qui
697 2653 795 2704 post
820 2648 1027 2691 Euanthii
1054 2651 1095 2690 et
1122 2646 1258 2690 Seruii
1291 2649 1390 2689 ante
1422 2645 1632 2688 Prisciani
1665 2646 1849 2686 aetatem

334 2722 638 2777 discipulorum
670 2721 714 2761 111
746 2736 871 2762 11311111
903 2721 952 2761 (16
987 2720 1175 2761 numeris
1209 2718 1408 2760 oratoriis
1441 2717 1614 2772 scripsit
1646 2715 1849 2758 adhibitis

335 2792 551 2834 Ciceronis
579 2791 758 2833 Oratore
790 2789 925 2831 Bruto
965 2790 1086 2831 libris
1126 2790 1175 2831 de
1209 2805 1266 2831 or.
1301 2790 1352 2831 ad
1383 2788 1483 2830 Her.
1517 2802 1622 2842 quos
1661 2787 1725 2828 bis
1763 2787 1849 2827 lau⁴

336 2864 469 2904 ‹lauitt
521 2863 614 2905 uide
666 2877 772 2917 quae
818 2862 1020 2902 adnotata
1064 2863 1165 2902 sunt
1209 2860 1261 2900 ad
1304 2859 1365 2900 lV
1401 2860 1470 2912 19,
1498 2860 1553 2900 26
1598 2860 1640 2898 et
1683 2857 1756 2911 32,
1782 2857 1851 2898 44.
