2003 3116
325 132 350 162 ⁶)
357 131 380 160 ⁴)
895 125 1079 159 PROLEG
1085 124 1258 158 OMENA.

325 163 377 173 Δ-ι-ι

325 240 454 283 cedere
484 241 590 280 inter
611 237 832 290 pellectione
865 236 968 275 inter
990 233 1152 286 pretam
1183 235 1298 275 trans
1321 235 1533 275 ‘mimeram
1562 247 1682 288 super
1708 236 1840 277 sedere

324 314 417 352 ante
459 309 657 350 cellszmtm·
695 305 862 348 similia.
925 303 1151 344 Praeterea
1195 304 1405 358 particula
1442 318 1492 346 ne
1531 305 1843 362 interrogatiua

326 383 398 423 aut
433 393 531 420 raro
572 379 645 419 aut
685 390 896 431 nusquam
940 373 1160 431 encliticae
1201 375 1295 416 loco
1337 375 1520 416 habetur
1558 378 1601 417 et
1645 377 1843 418 scribitur

326 450 457 492 ueluti
478 448 520 489 Π
534 449 606 504 4,7
629 449 773 490 idonea
799 461 848 488 wc
871 446 999 499 fuerit
1025 446 1080 488 ad
1103 460 1187 487 ‘rem
1214 461 1246 487 e.
1269 462 1305 501 q.
1328 461 1358 489 s.
1383 446 1564 488 traditur
1590 447 1634 488 in
1660 446 1793 489 ΗΡΠ
1797 447 1844 490 Β.

325 520 529 562 Similiter
556 533 633 573 quo
659 520 716 561 ad
739 519 782 560 in
810 517 1041 572 archetypo
1063 517 1338 559 distinctione
1364 518 1619 573 interposita
1640 518 1843 573 scriptum

325 591 456 632 fuisse
501 593 543 632 ct
588 591 823 645 scripturae
865 589 1058 644 legitime
1101 589 1281 630 traditae
1325 591 1367 630 et
1408 589 1672 644 corruptelae
1713 591 1846 632 ueluti

323 663 431 716 qzcod
459 662 516 704 acl
547 661 704 704 similia
737 662 963 703 testantur.
1027 659 1135 700 Tum
1168 674 1242 713 que
1273 659 1527 714 particulam
1562 660 1708 702 multis
1740 661 1846 703 locis

326 736 569 788 separatam
612 733 745 775 fuisse
786 732 838 774 ab
885 730 1154 772 antecedenti
1193 731 1324 773 uerbo
1371 731 1467 772 inde
1509 730 1690 773 efficitur
1735 732 1846 788 quod

325 805 576 861 apographa
614 819 692 860 pro
730 803 806 845 illa
842 803 1006 857 passim
1047 802 1255 856 praebent
1294 816 1396 856 quae
1437 802 1584 844 eodem
1626 803 1750 846 modo
1789 803 1846 844 di-

326 876 527 918 stinctum
566 875 700 918 ueluti
738 876 964 929 afdfflzatmn
996 874 1213 928 yentilium
1250 888 1352 929 quac
1389 874 1434 916 id
1468 887 1570 927 quae
1607 874 1711 916 mihi
1746 888 1849 928 quac

326 947 494 990 similia.
544 947 689 989 Etiam
727 947 859 988 uerba
893 945 1132 1001 composita
1168 945 1308 1000 qualia
1341 947 1441 987 sunt
1472 959 1673 988 commone
1701 946 1851 999 faceret

325 1019 410 1061 labe
436 1018 599 1072 factam-S
632 1018 711 1060 hoc
745 1031 827 1072 quo
865 1017 989 1058 modo
1024 1016 1104 1058 feci
1142 1017 1301 1071 scripta
1332 1016 1464 1059 fuisse
1501 1018 1847 1073 apographorum

324 1089 528 1132 lectiones
562 1089 827 1143 optimorum
860 1087 1072 1130 euincunt.

58 1158 301 1212 cossnmufifffiffli-
438 1159 562 1202 Nunc
609 1174 765 1216 genera
819 1159 988 1215 singula
1034 1159 1287 1201 mendorum
1334 1160 1652 1203 consideremus
1698 1161 1851 1216 quibus

322 1232 505 1288 cognitis
538 1235 580 1274 et
613 1231 663 1273 de
696 1230 994 1273 emendatione
1029 1231 1301 1286 singulorum
1333 1232 1524 1274 locorum
1551 1235 1592 1274 et
1618 1232 1667 1274 de
1694 1232 1849 1274 litteris

323 1303 544 1358 archetypi
580 1303 649 1344 uel
687 1302 1017 1357 archetyporum
1056 1302 1212 1344 certius
1257 1303 1421 1357 aliquid
1461 1303 1609 1345 licebit
1653 1306 1850 1346 statuere.
1924 1319 1927 1322 ·

324 1375 465 1430 Atque
497 1374 750 1430 capitalibus
778 1388 884 1429 quae
913 1373 1109 1416 dicuntur
1143 1375 1216 1415 aut
1250 1374 1496 1417 uncialibus
1526 1374 1682 1417 litteris
1710 1374 1851 1417 arche-

323 1451 474 1503 typum
517 1446 673 1489 codicis
709 1453 755 1489 M
801 1446 1091 1501 conscriptum
1136 1460 1224 1488 non
1267 1445 1398 1488 fuisse
1441 1446 1537 1488 inde
1579 1447 1853 1489 manifestum

325 1521 406 1574 est,
440 1518 552 1573 quod
593 1533 670 1574 pro
706 1517 733 1560 S
772 1518 920 1560 littera
959 1517 1160 1559 librarius
1193 1517 1355 1573 passim
1387 1517 1426 1560 U
1465 1518 1656 1560 litteram
1698 1518 1852 1561 substi-

324 1589 426 1631 tuit:
459 1590 571 1644 quod
604 1590 648 1631 in
679 1590 767 1631 illis
801 1604 907 1644 quos
936 1588 1061 1631 modo
1090 1589 1309 1644 appellaui
1338 1589 1658 1632 characteribus
1687 1591 1854 1633 euenire

324 1676 410 1714 non
447 1661 598 1716 potuit.
661 1660 806 1703 Veluti
844 1660 907 1701 IV
943 1660 1020 1715 54,
1047 1660 1101 1702 68
1143 1675 1220 1715 pro
1265 1660 1398 1703 Thasi
1436 1661 1480 1702 in
1513 1667 1559 1703 M
1598 1664 1690 1704 erat
1727 1662 1853 1717 tham,

328 1733 394 1788 16,
420 1733 475 1775 23
507 1747 585 1788 pro
618 1736 794 1775 castum:
826 1735 1003 1786 cacatum,
1034 1731 1099 1772 ΠΙ
1129 1732 1194 1786 19,
1215 1732 1267 1774 31
1302 1747 1379 1787 pro
1406 1733 1609 1788 inteyras:
1641 1734 1855 1788 intefflaui,

325 1803 388 1846 IV
421 1805 495 1859 21,
521 1804 577 1847 29
616 1819 693 1859 pro
733 1803 969 1846 dissimiles:
1009 1803 1252 1856 dessimules,
1288 1802 1353 1844 ΠΙ
1387 1804 1433 1857 3,
1461 1804 1485 1846 6
1517 1819 1595 1860 pro
1627 1806 1847 1859 possimus:

318 1876 554 1931 posuimus,
594 1874 657 1917 IV
691 1876 766 1931 32,
790 1875 846 1917 43
879 1888 958 1931 pro
990 1875 1146 1917 saris-ae
1179 1873 1394 1917 Graeciae:
1432 1876 1548 1919 uaris
1579 1877 1745 1931 eyrcyic,
1778 1892 1853 1931 pro

329 1948 453 1991 Mars
484 1949 586 1991 istuc
618 1951 667 1990 te:
707 1948 969 1989 mazoisstucte
990 1971 1043 1975 —
1067 1946 1116 1988 de
1142 1962 1163 1987 r
1194 1946 1338 1989 littera
1370 1949 1469 2002 post
1504 1962 1528 1989 a
1561 1948 1719 1989 omissa
1744 1948 1855 1990 infra

331 2022 479 2076 agetur
516 2043 565 2049 —
600 2020 675 2072 22,
710 2019 763 2061 31
804 2033 880 2074 pro
921 2018 1080 2061 desinat:
1126 2018 1292 2069 diuma,
1332 2018 1376 2072 2,
1402 2019 1429 2059 4
1466 2033 1544 2073 pro
1575 2032 1648 2061 7208
1685 2021 1856 2061 auctora·-

328 2093 423 2134 tate:
460 2105 571 2134 noua
603 2091 861 2145 auctoritate,
900 2089 943 2130 Π
975 2090 1050 2143 28,
1076 2089 1133 2131 45
1167 2104 1243 2142 pro
1276 2090 1398 2131 utris:
1437 2090 1573 2132 utrius
1606 2089 1700 2131 alia.
1764 2090 1854 2139 Quo

328 2164 491 2206 factum
518 2164 583 2204 est
610 2164 656 2204 ut
681 2161 742 2203 IV
763 2161 830 2213 35,
851 2162 906 2203 47
934 2175 1010 2216 pro
1038 2159 1157 2202 Cassi
1183 2160 1387 2202 traditum
1414 2160 1546 2202 fuerit
1573 2161 1615 2203 in
1641 2167 1687 2203 M
1711 2163 1856 2212 causac,

332 2235 589 2278 uocabulum
621 2247 739 2276 casus
770 2232 832 2275 IV
862 2233 928 2288 17,
954 2233 1011 2275 24
1038 2234 1079 2274 et
1110 2232 1178 2287 19,
1205 2232 1258 2274 27
1294 2234 1507 2274 mutatum
1544 2233 1600 2274 sit
1631 2232 1676 2274 in
1711 2234 1856 2287 causis,

331 2309 399 2364 32,
425 2306 484 2349 44
516 2306 560 2348 in
591 2319 717 2349 causa
750 2304 819 2346 uel
853 2317 1013 2346 causas.
1062 2302 1209 2357 Neque
1243 2303 1328 2345 alia
1361 2303 1410 2344 de
1444 2318 1571 2345 causa
1605 2302 1633 2345 S
1666 2303 1787 2345 iuxta
1818 2303 1855 2345 U

333 2380 522 2421 litteram
555 2378 699 2432 posita
730 2390 1051 2430 nonnumquam
1085 2375 1239 2416 extrita
1272 2376 1336 2416 est
1357 2398 1411 2404 -—
1440 2375 1573 2416 ueluti
1604 2374 1667 2416 IV
1699 2376 1773 2430 43,
1800 2376 1856 2417 55

331 2465 408 2507 pro
440 2463 514 2492 suo
548 2449 628 2491 loco
662 2449 705 2490 in
731 2453 777 2490 M
807 2447 890 2489 fuit
920 2446 1012 2490 uolo
1044 2460 1132 2501 quo,
1169 2446 1234 2500 10,
1263 2447 1317 2487 14
1349 2461 1426 2501 pro
1459 2446 1668 2489 eoeleausto:
1700 2450 1855 2502 amuco,

331 2521 394 2564 ΠΙ
431 2522 502 2577 12,
533 2521 588 2563 21
635 2533 710 2574 pro
750 2519 985 2561 mziuersus:
1030 2518 1223 2560 imam-so
1258 2541 1308 2546 —
1345 2519 1387 2558 et
1432 2517 1577 2558 eadem
1623 2517 1769 2559 littera
1812 2519 1856 2559 in

334 2593 449 2636 exitu
484 2592 714 2635 uerborum
749 2590 892 2646 posita
927 2589 1175 2644 saepissime
1215 2588 1382 2631 excidit.
1444 2588 1656 2631 Videlicet
1685 2595 1731 2630 M
1762 2604 1856 2631 cum

334 2665 535 2708 habuerit
571 2677 894 2717 nonnumquam
927 2674 1000 2703 nos
1031 2663 1109 2702 met
1139 2674 1211 2702 uos
1242 2663 1321 2702 met
1359 2660 1556 2702 distincte
1590 2660 1791 2715 scriptum
1827 2659 1854 2702 S

333 2738 477 2778 littera
517 2749 822 2790 saepenumero
861 2733 988 2788 plane
1032 2732 1217 2787 perierat
1257 2732 1300 2773 in
1344 2731 1573 2787 archetypo
1616 2731 1751 2772 ueluti
1794 2730 1857 2772 IV

337 2808 405 2860 39,
438 2807 490 2849 51
532 2806 739 2847 traditum
771 2805 852 2846 fuit
884 2805 929 2845 in
958 2810 1004 2845 M
1034 2818 1086 2846 uo
1118 2807 1212 2857 met,
1250 2802 1313 2844 ΙΙΙ
1347 2804 1421 2854 20,
1447 2804 1502 2845 33
1537 2809 1587 2844 725
1617 2805 1669 2843 et:
1711 2802 1856 2843 eodem

338 2879 462 2922 modo
494 2877 620 2932 periit
651 2875 692 2917 Il
721 2878 759 2931 8,
788 2877 841 2918 12
875 2876 947 2917 ubi
973 2881 1018 2916 M
1050 2890 1126 2929 pro
1160 2875 1242 2916 illis
1273 2874 1425 2915 habuit
1456 2874 1534 2929 illi,
1566 2872 1632 2914 III
1660 2874 1698 2924 3,
1723 2874 1751 2914 4
1783 2873 1855 2914 ubi
