2003 3116
359 134 415 173 20
927 132 1293 166 PROLEGOMENA.

476 241 677 294 Reliquos
712 254 810 280 uero
843 239 1007 280 codices
1035 239 1210 280 mutilos
1243 253 1350 293 quos
1379 254 1402 280 a
1429 239 1634 281 Michaele
1663 240 1795 283 Bruto
1828 240 1872 282 in

359 311 455 351 edit.
488 309 762 364 Lugdunensi
801 310 900 350 anni
935 310 1048 352 1570
1085 309 1328 351 inuenimus
1369 309 1584 351 adhibitos
1618 309 1744 365 (conf.
1778 313 1873 353 edit.

358 380 627 422 PBurmanni
654 395 692 434 p.
713 379 801 422 485
816 379 950 436 seqq.)
977 384 1068 422 tum
1095 380 1214 423 codd.
1236 396 1260 422 a
1285 379 1481 435 Kaysero
1509 382 1607 423 edit.
1635 397 1674 436 p.
1693 382 1870 425 XXV—

354 450 518 492 XXVII
550 450 715 505 primae
748 454 790 493 et
821 452 1032 494 secundae
1065 451 1257 494 familiae
1290 452 1521 494 attributos
1555 453 1736 494 aliorum
1769 454 1874 496 alios

355 521 480 562 reieci
514 535 676 563 omnes.
726 521 837 564 Nam
871 525 946 565 aut
977 538 1073 565 cum
1106 524 1167 565 eis
1200 538 1307 578 quos
1340 523 1467 566 modo
1500 525 1746 566 enumeraui
1778 539 1874 567 con-

353 595 514 647 gruunt
546 595 619 634 aut
650 596 778 636 notae
811 597 911 636 sunt
943 596 1117 637 omnino
1150 595 1322 650 peioris.

114 681 158 705 ne
179 679 349 711 archetypo.
470 662 619 719 Itaque
658 655 737 707 nos
777 666 894 708 codd.
927 665 1152 708 HPHBC
1193 667 1257 708 usi
1290 681 1420 708 unum
1461 667 1565 708 illud
1598 667 1875 710 restituamus

353 738 522 790 oportet
565 736 846 792 apographon
883 743 929 778 M
970 737 1081 792 quod
1124 752 1232 779 saec,
1261 736 1324 778 IX
1365 737 1489 780 initio
1531 738 1576 779 in
1613 738 1875 781 Francorum

352 820 483 862 regno
523 807 661 849 denuo
701 811 795 850 erat
832 811 1062 864 repertum.
1127 807 1246 858 Quod
1290 809 1465 850 carebat
1501 810 1624 852 initio
1667 812 1767 866 quia
1805 814 1878 853 aut

351 892 402 918 ex
432 877 526 933 ipso
560 882 634 920 aut
667 895 717 921 ex
750 880 839 922 eius
873 880 1105 935 archetypo
1140 880 1243 922 folia
1281 880 1363 921 tria
1388 880 1528 935 prima
1555 882 1777 936 perierant,
1810 883 1876 924 de—

351 949 557 1004 scriptum
601 950 685 992 fuit
729 952 781 993 ab
827 952 1001 994 homine
1046 951 1307 994 dormitante
1353 954 1396 992 et
1433 952 1641 994 oscitante
1681 953 1753 1008 qui
1791 968 1877 995 non

350 1021 487 1063 solum
521 1022 686 1064 lacunis
720 1037 769 1064 ex
796 1024 938 1065 uerbis
966 1023 1179 1065 similibus
1211 1025 1285 1064 aut
1310 1023 1665 1065 homoeoteleutis
1690 1025 1877 1079 plerum-

350 1107 430 1148 que
471 1094 585 1135 natis
627 1094 701 1135 sed
743 1095 873 1136 etiam
918 1095 1084 1137 mendis
1131 1094 1327 1149 plurimis
1373 1095 1577 1136 traditam
1623 1096 1876 1150 scripturam

348 1169 609 1220 corruperat.
661 1165 848 1208 Fuerant
873 1167 918 1208 in
945 1166 1176 1221 archetypo
1204 1166 1360 1208 codicis
1387 1172 1433 1207 M
1464 1167 1673 1208 nonnulla
1693 1161 1742 1208 ⁴in
1768 1183 1878 1209 mar-

348 1235 446 1290 gine
479 1236 706 1291 adnotata,
746 1253 854 1292 quae
893 1253 969 1280 suo
1002 1238 1096 1280 1000
1130 1237 1289 1279 omissa
1323 1240 1445 1279 erant
1477 1253 1501 1278 a
1532 1237 1728 1281 librario:
1769 1254 1877 1294 quae

349 1307 455 1348 satis
478 1308 646 1362 stupide
674 1323 996 1364 nonnumquam
1024 1309 1134 1350 falso
1167 1310 1261 1351 loco
1289 1309 1330 1350 in
1361 1308 1619 1363 scripturam
1645 1310 1808 1365 recepit
1833 1317 1878 1352 M

348 1379 484 1421 ueluti
527 1379 688 1422 factum
734 1384 799 1422 est
840 1380 905 1422 IV
939 1381 1008 1435 34,
1034 1380 1091 1422 45
1135 1380 1207 1421 ubi
1251 1387 1296 1422 M
1339 1380 1509 1421 habuit:
1553 1413 1562 1422 .
1591 1414 1598 1422 .
1627 1414 1635 1421 .
1660 1381 1875 1435 aspirauit.

348 1449 571 1493 Grauandz'
602 1466 727 1494 eausa
757 1453 812 1494 stt
842 1467 943 1494 1101111
975 1466 1066 1494 enm
1100 1465 1219 1494 cemes
1247 1451 1470 1506 fuazyentur
1502 1452 1650 1505 officiis
1688 1453 1875 1506 Zuporwn

345 1523 541 1575 quoniam
577 1525 789 1577 praesidio
826 1538 958 1578 pecua
999 1525 1205 1566 credemus
1239 1537 1317 1577 per
1356 1527 1640 1577 aryumentzmz
1679 1527 1878 1566 tractatur

346 1595 524 1636 ornandi
560 1609 687 1637 61111811
723 1596 782 1637 sie
803 1630 809 1637 .
831 1628 869 1636 ..
904 1595 963 1636 At
1001 1596 1070 1649 34,
1098 1595 1152 1636 46
1193 1594 1417 1649 legebatur
1458 1594 1500 1635 in
1534 1601 1596 1636 M:
1634 1609 1660 1635 α
1697 1596 1876 1649 81111111101

346 1666 527 1708 oratione
557 1667 699 1708 ductae
729 1667 767 1709 si
797 1681 889 1709 011111
919 1681 946 1708 α
973 1680 1153 1720 persona
1179 1669 1252 1707 aut
1279 1666 1359 1708 loco
1385 1668 1460 1706 aut
1483 1679 1527 1707 re
1557 1666 1701 1719 aliqua
1731 1667 1875 1708 simili-

348 1738 441 1779 tudo
478 1739 654 1792 augendi
692 1753 725 1780 e.
757 1754 794 1794 q.
829 1753 860 1781 3.
922 1738 1071 1780 Priore
1112 1738 1205 1779 loco
1245 1737 1377 1778 uerba
1415 1735 1641 1779 Grauazzdt
1677 1751 1803 1780 eausa
1838 1739 1876 1780 31

350 1809 674 1863 interpolatoris
704 1813 821 1851 sunt:
849 1809 1033 1864 reliqua:
1066 1812 1081 1850 t
1105 1822 1205 1850 nam
1230 1811 1597 1850 eum—tractatur
1616 1809 1660 1849 in
1681 1810 1874 1864 margine
1895 1804 1901 1810 ⁴

347 1880 563 1936 adscripta
589 1880 707 1922 fuere
734 1896 841 1936 quae
869 1882 962 1923 loco
986 1881 1225 1935 posteriore
1247 1882 1347 1935 post
1371 1880 1407 1921 31
1433 1882 1546 1921 recte
1568 1880 1868 1922 insererentur.

346 1951 507 1993 Tamen
541 1967 565 1993 a
596 1953 775 1994 librario
800 1959 846 1994 M
878 1953 987 1995 falso
1021 1952 1116 1994 1000
1149 1952 1313 1993 inserta
1347 1954 1459 2006 sunt,
1492 1966 1600 2006 quae
1632 1954 1747 1993 recto
1779 1953 1872 1994 loco

346 2023 548 2078 leguntur
586 2024 629 2065 in
662 2024 778 2066 codd.
813 2024 996 2078 expletis
1037 2023 1087 2065 de
1121 2024 1272 2078 quibus
1306 2025 1457 2077 postea
1497 2025 1660 2079 agetur.
1723 2022 1872 2078 Itaque

346 2093 416 2135 uia
448 2097 491 2136 et
524 2095 689 2138 ratione
728 2096 945 2151 progressi
983 2095 1249 2149 assequimur
1280 2093 1388 2135 illud
1421 2093 1684 2149 archetypon
1716 2094 1871 2136 codicis

344 2170 401 2220 M,
439 2166 483 2207 in
519 2181 601 2221 quo
636 2167 843 2210 adnotata
877 2167 954 2209 illa
991 2166 1109 2208 fuere
1146 2165 1192 2207 in
1232 2166 1442 2220 margine:
1481 2180 1608 2221 porro
1649 2165 1872 2220 archetypi

346 2238 470 2281 huius
504 2240 769 2294 archetypon
801 2239 910 2281 unde
951 2238 1119 2280 deducti
1160 2240 1260 2279 sunt
1292 2237 1411 2280 codd.
1444 2237 1602 2291 expleti
1634 2238 1765 2279 uerba
1796 2237 1870 2278 illa

345 2325 422 2351 suo
448 2311 543 2352 loco
570 2311 722 2352 habuit
747 2311 899 2365 posita.
945 2308 1044 2351 Cod.
1070 2309 1110 2350 H
1136 2311 1281 2363 potest
1309 2323 1400 2350 esse
1428 2308 1665 2362 descriptus
1693 2308 1746 2349 ab
1773 2309 1866 2362 ipso

346 2382 433 2423 cod.
459 2388 520 2422 M:
554 2382 672 2423 codd.
697 2380 868 2423 PHBC
898 2380 996 2421 inde
1029 2379 1213 2421 deriuati
1247 2382 1348 2420 sunt
1374 2379 1457 2420 alio
1493 2379 1741 2434 apographo
1769 2394 1868 2434 quo-

345 2452 442 2493 dam
469 2452 737 2507 interposito.
788 2451 899 2493 Nam
926 2450 988 2491 IV
1018 2450 1083 2504 14,
1110 2450 1166 2491 20
1197 2449 1240 2490 in
1274 2449 1315 2490 H
1348 2450 1525 2504 legitur:
1558 2464 1674 2504 quem
1704 2453 1870 2492 senatus

345 2525 559 2566 flammaret
607 2538 723 2577 quem
761 2524 940 2577 populus
980 2523 1195 2563 flammaret
1237 2535 1353 2574 quem
1397 2521 1582 2563 omnium
1625 2521 1869 2563 existimatio

345 2596 560 2637 damnaret
601 2609 692 2637 eum
734 2608 808 2637 uos
851 2594 1057 2636 sententiis
1099 2593 1247 2634 uestris
1292 2593 1523 2634 absolvatis.
1593 2592 1643 2634 In
1681 2592 1766 2633 PH
1773 2592 1850 2634 BC
1861 2608 1869 2633 :

345 2681 461 2720 quem
485 2670 650 2709 senatus
681 2667 894 2708 damnarit
917 2679 1033 2719 quem
1063 2654 1133 2707 11ίῖ
1164 2665 1347 2706 omnium
1379 2665 1624 2706 existimatio
1656 2665 1869 2706 damnarit

346 2753 437 2781 011111
479 2753 552 2781 uos
594 2739 800 2780 sententiis
842 2738 989 2779 uestris
1032 2736 1266 2778 absotuatis.
1330 2736 1389 2786 7223
1431 2735 1611 2789 popalus
1653 2736 1868 2776 damnarit

346 2824 463 2864 quem
494 2795 583 2852 SR
630 2809 692 2850 De
718 2809 833 2851 notis
861 2823 968 2864 quae
995 2808 1075 2849 hoc
1102 2809 1194 2849 loco
1223 2807 1499 2849 inueniuntur
1526 2805 1634 2848 conf.
1656 2805 1865 2848 Francke-

347 2897 426 2924 nus
447 2881 653 2923 Mnemos.
668 2880 814 2921 XVIII
839 2880 949 2922 1890
976 2895 1015 2934 p.
1032 2880 1098 2920 11.
1127 2878 1451 2920 lVattenbachii
1472 2875 1727 2932 Anleitung4
1745 2878 1865 2932 1292.
