2003 3116
75 2430 117 2452 Do
139 2426 332 2453 semiuocali-

315 130 397 170 166
695 119 698 124 “
895 126 1262 160 PROLEGOMENA.

314 239 404 277 erat
437 237 478 276 in
511 241 568 289 M,
599 248 689 275 cum
722 234 765 273 in
796 240 831 273 E
865 233 989 274 sicuti
1021 232 1086 273 III
1113 233 1153 287 2,
1173 234 1198 272 2
1238 232 1312 273 ubi
1350 245 1466 284 quem
1497 239 1559 285 M,
1597 245 1688 273 cum
1719 239 1754 272 E
1787 235 1829 273 et

315 309 351 359 7,
375 307 426 347 13
461 306 532 346 ubi
564 318 681 357 quem
714 306 788 345 aut
819 317 943 356 quam
968 310 1025 357 Μ,
1056 317 1148 344 eum
1178 309 1227 358 E,
1259 301 1322 344 IV
1349 303 1417 356 38,
1439 302 1495 343 50
1526 302 1600 343 ubi
1625 317 1748 355 quam
1773 310 1830 357 M,

313 391 402 418 cum
435 383 469 416 E
502 375 565 416 III
594 376 660 428 23,
681 375 736 416 39
770 374 845 415 ubi
876 375 984 427 quod
1012 380 1068 428 M,
1100 388 1190 415 cnm
1218 380 1265 414 Ε.

437 446 566 498 Quom
586 445 948 500 praepositionem
978 445 1124 486 eadem
1144 445 1310 486 ratione
1340 444 1403 485 usi
1430 443 1709 496 restituimus,
1736 459 1830 485 eum

314 517 559 559 inueniatur
597 517 639 557 in
680 514 890 570 Scipionis
936 516 1050 556 illius
1096 516 1238 570 elogio
1279 518 1406 556 aetate
1443 528 1562 567 quom
1591 528 1750 567 parua,
1787 514 1832 555 in

314 589 409 642 lege
442 588 612 642 agraria
639 588 691 628 21
721 588 819 628 oiim
843 600 962 639 quom
988 585 1117 640 ayrof
1131 584 1221 627 CIL
1248 585 1265 625 I
1294 586 1381 627 582
1407 599 1525 638 quom
1554 585 1598 637 Q.
1626 584 1834 637 Caepione,

315 660 359 701 in
389 662 554 700 tessera
584 658 789 712 hospitaii
829 658 928 698 anni
970 656 1137 710 742s1‘2
1178 655 1269 698 CIL
1296 655 1405 697 VIII
1426 656 1480 697 68
1519 670 1638 708 quom
1669 656 1716 697 L.
1750 655 1834 697 Do-

315 731 428 772 mitio
449 745 526 771 nec
546 729 751 771 Iordanus
780 727 990 781 [Sallust]
1013 727 1065 769 ad
1087 726 1207 768 Caes.
1234 728 1283 768 de
1311 742 1396 781 rep.
1422 727 1442 768 I
1469 727 1507 781 6,
1528 727 1565 769 5.
1599 727 1637 780 7,
1656 727 1684 767 4
1716 726 1834 767 dubi-

316 802 473 843 tauerit
516 801 699 842 scribere
743 814 863 853 quom
905 813 1000 841 mom
1040 799 1181 851 futuro
1224 799 1349 851 malo,
1393 812 1512 851 quom
1555 798 1694 839 animo
1739 812 1835 848 meo,

319 872 490 914 Sallust.
521 872 670 913 histor.
699 871 850 924 fragm.
880 886 917 924 p.
946 871 1037 923 135,
1067 870 1119 910 19
1157 868 1268 911 Iord.
1311 883 1432 922 quom
1475 869 1717 923 uolentibus,
1764 869 1836 909 ubi

317 944 441 998 plura
473 944 514 984 in
550 942 692 983 adnot.
725 942 922 994 exempla
955 940 1111 981 collata
1138 942 1247 981 sunt.
1276 939 1413 988 Quare
1438 939 1502 980 IV
1529 940 1596 990 50,
1618 940 1672 980 63
1706 940 1836 993 scrip-

319 1015 450 1055 simus
484 1015 535 1055 ite
567 1027 761 1067 mequom,
792 1012 863 1053 ubi
889 1018 935 1053 Μ
966 1012 1060 1052 item
1093 1025 1250 1065 equum,
1281 1011 1352 1062 49,
1374 1011 1428 1051 62
1460 1024 1579 1063 quom
1605 1011 1734 1063 domo,
1766 1010 1838 1051 ubi

318 1092 353 1126 E
385 1099 476 1126 cum
508 1086 642 1137 domo,
674 1090 720 1125 Μ
751 1083 964 1136 quomodo:
1003 1082 1272 1123 restituimus
1313 1081 1492 1135 denique
1531 1095 1650 1133 quom
1681 1082 1841 1123 ratione

319 1156 380 1197 IV
409 1158 487 1210 28,
508 1157 562 1197 38
596 1155 669 1196 ubi
708 1168 789 1208 qua.
826 1154 983 1195 ratione
1012 1159 1077 1205 M,
1118 1166 1208 1194 cum
1241 1153 1397 1193 ratione
1427 1158 1481 1204 Ε,
1519 1152 1556 1205 3,
1578 1153 1603 1193 6
1635 1166 1755 1205 quom
1788 1166 1841 1205 re,

320 1228 392 1269 ubi
423 1234 458 1268 Ε
491 1241 581 1269 cum
619 1241 678 1278 re,
715 1232 761 1266 M
799 1225 906 1277 qnod
940 1238 994 1266 re.
1061 1222 1290 1264 Praeterea
1326 1221 1391 1263 III
1421 1222 1495 1277 18,
1517 1223 1573 1265 30
1610 1224 1683 1264 ubi
1723 1223 1841 1264 codd.

322 1313 471 1340 omnes
510 1298 671 1338 habent
717 1295 980 1348 quamplures
1019 1294 1239 1348 posuimus
1277 1294 1536 1346 quomplures
1574 1293 1667 1335 coll.
1706 1293 1842 1335 Plaut.

324 1368 454 1411 Stich.
484 1369 567 1410 198
596 1371 638 1409 et
670 1366 731 1408 IV
761 1367 798 1420 6,
820 1366 845 1407 9
880 1365 953 1406 ubi
984 1371 1029 1406 M
1060 1379 1151 1406 eum
1184 1354 1378 1419 maxime,
1417 1371 1452 1405 Ε
1493 1379 1616 1418 quam
1654 1365 1843 1417 orzaxime,

328 1441 403 1494 1,1
446 1439 519 1480 ubi
560 1445 606 1480 M
645 1438 798 1479 habuit
839 1436 1134 1490 crmnplmi'bus,
1181 1436 1330 1489 20,40
1369 1435 1443 1476 ubi
1485 1435 1599 1477 solus
1640 1435 1664 1476 d
1703 1449 1842 1489 quam-

316 1511 519 1565 pluribus.
570 1509 763 1564 Denique
789 1522 892 1562 quor
917 1508 1139 1562 posuimus
1165 1505 1231 1548 III
1259 1507 1326 1561 23,
1348 1506 1402 1549 38
1431 1507 1504 1548 ubi
1523 1512 1569 1547 M
1589 1506 1741 1548 habuit-
1765 1520 1844 1548 cor.

440 1582 486 1623 In
525 1581 549 1622 d
583 1585 625 1622 et
656 1584 674 1621 t
705 1580 861 1621 litteris
895 1578 1012 1626 codd,
1045 1578 1166 1619 nulla
1196 1578 1300 1619 fides
1335 1580 1417 1619 est:
1450 1579 1696 1632 saepissime
1729 1578 1842 1619 enim

324 1653 530 1706 relinquid
588 1653 676 1705 quii
738 1650 898 1691 similes
955 1664 1117 1691 errores
1172 1649 1444 1690 membranae
1514 1664 1612 1690 aera
1679 1649 1842 1703 lapides

326 1725 540 1766 exhibent.
602 1722 702 1765 Cod.
737 1722 768 1762 P
803 1721 1049 1774 saepissime
1081 1720 1212 1761 habet
1250 1721 1417 1772 aliquit:
1449 1719 1491 1760 II
1519 1719 1557 1773 8,
1580 1721 1644 1762 12.
1671 1712 1755 1773 ’3Ο,
1775 1720 1843 1761 49.

325 1796 388 1837 III
415 1796 453 1845 3,
473 1796 500 1836 4
532 1794 594 1836 IV
619 1794 688 1846 49,
709 1794 776 1843 62,
810 1793 904 1833 aliis
936 1792 1039 1833 loeis
1072 1792 1106 1832 ii
1135 1792 1223 1845 quit
1259 1792 1358 1832 istut
1394 1791 1501 1833 aliut
1534 1792 1601 1832 sid
1636 1791 1845 1844 relinquid

326 1867 370 1908 in
401 1873 447 1907 M
477 1866 610 1906 fuisse
642 1867 858 1905 testantur
889 1862 1151 1917 apographa.
1213 1860 1328 1911 Quae
1362 1862 1627 1916 corruptelae
1662 1864 1842 1915 possunt

328 1937 497 1992 quidem
529 1950 621 1977 esse
653 1935 787 1990 ipsius
821 1933 1040 1988 scriptoris
1082 1947 1218 1987 neque
1257 1936 1402 1974 tamen
1441 1932 1534 1973 ideo
1576 1936 1700 1973 erunt
1740 1932 1843 1973 reci-

328 2009 505 2065 piendae
537 2007 659 2062 quasi
695 2006 930 2060 scripturae
968 2006 1176 2046 uetustae.
1238 2003 1384 2045 Veluti
1423 2003 1535 2058 quod
1576 2003 1596 2044 I
1626 2004 1764 2057 12,21
1800 2009 1845 2043 Μ

330 2080 482 2121 habuit
515 2079 626 2132 perit
667 2077 856 2131 temporis
893 2075 956 2117 IV
983 2075 1050 2129 50,
1071 2076 1126 2117 63
1163 2076 1303 2128 nequit
1346 2076 1400 2129 is,
1451 2089 1499 2116 ea
1540 2089 1584 2114 re
1632 2073 1740 2114 nihil
1778 2073 1847 2114 de-

333 2153 595 2193 monstratur
625 2149 707 2191 nisi
738 2148 868 2189 uerba
908 2147 1130 2188 coniuncte
1170 2160 1261 2187 esse
1302 2145 1536 2187 scribenda.
1599 2144 1761 2186 Contra
1791 2147 1848 2185 sec

332 2222 552 2276 posuimus
583 2219 646 2262 IV
674 2219 742 2273 25,
763 2218 818 2260 35
851 2217 925 2259 ubi
961 2218 1026 2259 det
1055 2224 1101 2259 M
1137 2217 1310 2271 habuit,
1347 2217 1416 2258 sed
1446 2223 1502 2270 Ε,
1540 2216 1560 2256 I
1595 2217 1658 2268 17,
1680 2215 1733 2256 27
1776 2214 1849 2255 ubi

330 2293 400 2334 sed
427 2298 481 2342 Ε,
512 2292 582 2333 sed
617 2294 654 2333 et
689 2295 751 2331 M:
789 2288 898 2331 conf.
936 2288 1111 2329 HKeilii
1160 2287 1515 2329 commentarium
1559 2287 1602 2327 in
1641 2278 1881 2327 Varronis

332 2378 365 2404 r.
390 2378 421 2404 r.
450 2363 584 2403 libros
617 2377 656 2415 p.
681 2361 745 2402 16.

453 2433 504 2475 In
518 2431 849 2474 semiuocalibus
870 2430 1106 2472 notandum
1125 2444 1202 2470 nos
1216 2428 1282 2470 III
1298 2429 1366 2481 24,
1380 2429 1437 2470 40
1459 2426 1532 2484 (17
1537 2463 1547 2483 ,
1562 2426 1636 2483 30)
1659 2441 1852 2468 seruasse

336 2505 563 2546 lectionem
607 2502 810 2544 traditam
853 2502 900 2543 in
947 2501 1169 2543 nemoizicis
1218 2515 1296 2554 pro
1347 2500 1392 2541 in
1441 2500 1704 2541 mnemonieis
1753 2498 1852 2552 quia

337 2575 589 2630 scriptorem
610 2573 811 2615 Latinum
839 2572 1009 2627 linguae
1031 2571 1216 2613 Graecae
1244 2573 1582 2625 contemptorem
1607 2570 1651 2610 in
1679 2567 1852 2609 Graecis

337 2646 478 2687 uerbis
511 2660 662 2700 parum
695 2647 942 2686 accuratum
974 2643 1104 2684 fuisse
1132 2645 1175 2684 et
1207 2657 1257 2683 ea
1284 2642 1346 2683 ori
1373 2641 1527 2682 Latino
1556 2640 1698 2682 eodem
1728 2639 1853 2680 modo

339 2717 566 2770 adaptasse
599 2718 932 2758 consentaneum
965 2717 1029 2755 est
1055 2728 1136 2768 quo
1166 2713 1239 2754 alii
1267 2712 1462 2753 dixerunt
1490 2711 1728 2752 Tolomaeus
1759 2711 1853 2751 tisa-

339 2789 507 2829 narium
539 2786 663 2842 (Hor.
683 2789 761 2829 sat.
782 2786 822 2828 II
844 2787 882 2839 3,
906 2785 1020 2840 155),
1046 2800 1142 2826 cum
1168 2799 1220 2825 ne
1248 2784 1359 2838 apud
1386 2782 1569 2824 Graecos
1597 2780 1765 2834 quidem
1794 2796 1851 2834 μυ

341 2873 507 2912 semper
545 2859 739 2900 uocalem
774 2858 943 2898 breuem
977 2856 1184 2909 producat
1221 2853 1434 2908 positione
1474 2855 1517 2892 et
1549 2849 1642 2893 CIL
1675 2850 1713 2891 X
1740 2851 1854 2893 2696
