2003 3116
361 189 450 245 104'
926 203 1294 236 PROLEGOMENA.

355 311 404 352 ln
450 311 603 364 quibus
649 323 742 349 cum
788 310 963 362 propter
1007 307 1159 347 durum
1204 306 1445 361 asyndeton
1489 309 1581 347 tum
1626 308 1719 349 ideo
1765 308 1875 349 male

358 380 590 422 distinxere
623 378 807 419 editores
841 379 940 431 post
973 377 1075 429 forti
1107 376 1218 431 quod
1251 376 1460 418 eiusmodi
1492 377 1684 418 themata
1717 379 1877 433 saepis-

357 451 461 491 sime
494 449 575 490 hoc
610 448 735 489 modo
767 448 1075 489 inscribuntur:
1107 461 1189 501 pro
1220 461 1331 490 caeco
1362 450 1503 490 contra
1534 462 1768 499 nouercam,
1799 464 1877 502 pro

356 521 484 561 milite
520 522 660 561 contra
700 519 926 573 tribunum,
965 519 1177 574 quomodo
1216 519 1446 573 inscriptae
1480 522 1579 560 sunt
1610 518 1713 560 XIX
1745 520 1879 561 decla-

357 590 569 631 mationes
596 605 703 644 quae
730 591 914 631 maiores
942 590 1214 644 appellantur
1241 592 1294 631 etv
1316 590 1394 631 sub
1423 589 1674 638 Quintiliani
1706 591 1878 632 nomine

357 660 541 702 traditae
587 663 686 702 sunt
732 675 878 702 omnes
925 663 967 702 et
1006 660 1227 714 Calpurnii
1270 660 1411 702 Flacci
1455 660 1672 702 tricesima
1717 665 1879 716 quarta.

358 732 439 781 Qui
464 732 596 773 uerba
622 732 696 774 illa
723 732 928 773 damnant
959 735 1135 786 propter
1168 732 1370 786 syntaxin
1401 731 1440 772 ei
1473 731 1677 773 damnent
1708 747 1880 774 necesse

358 806 423 845 est
456 803 699 858 exemplum
734 803 926 844 additum
957 802 977 843 I
1007 803 1072 854 14,
1099 803 1176 844 24:
1229 801 1309 843 ‘Ea
1342 802 1546 844 diuiditur
1576 803 1622 853 in
1653 804 1880 858 inpruden-

359 875 477 929 tiam,
502 874 732 929 fortunam,
759 874 1076 915 necessitatem:
1104 873 1335 928 fortunam,
1362 875 1409 914 ut
1429 871 1588 927 Caepio
1611 874 1662 914 ad
1686 875 1881 917 tribunos

358 946 497 1001 plebis
531 945 580 986 de
613 945 824 986 exercitus
859 944 1110 999 amissione,
1142 977 1152 986 .
1178 977 1186 986 .
1215 977 1223 985 .
1249 944 1599 999 imprudentiam,
1631 945 1692 986 ut'
1726 961 1759 987 e.
1786 961 1822 1000 q.
1850 962 1880 988 s.

360 1017 473 1072 quod
505 1017 641 1057 multo
674 1016 820 1058 durius
854 1018 919 1057 est
949 1016 1024 1057 illo
1058 1015 1288 1057 secundum
1322 1017 1540 1070 syntaxim
1576 1017 1648 1070 qui
1676 1016 1884 1058 damnant

361 1103 411 1129 ea
443 1102 488 1128 re
521 1087 740 1141 commoti,
772 1087 883 1143 quod
915 1087 1091 1141 reliquis
1123 1087 1242 1127 nulla
1276 1086 1420 1128 addita
1454 1090 1554 1128 sunt
1586 1088 1793 1142 exempla,
1824 1088 1886 1129 illi

360 1159 587 1214 perlegant
627 1158 757 1200 uelim
795 1160 936 1199 totum
974 1158 1132 1199 librum
1164 1157 1183 1197 I
1216 1160 1263 1198 ut
1295 1157 1550 1212 intellegant
1582 1173 1711 1212 quam
1743 1158 1886 1200 incon-

362 1233 528 1271 stanter
573 1232 615 1270 et
660 1231 820 1271 temere
865 1229 1048 1284 scriptor
1092 1228 1220 1270 modo
1268 1228 1477 1270 addiderit
1520 1229 1645 1271 modo
1697 1230 1888 1271 omiserit

362 1301 570 1355 exempla.
623 1300 774 1355 Itaque
796 1300 1037 1354 exemplum
1059 1299 1163 1340 illud
1185 1299 1440 1341 documento
1466 1302 1531 1341 est
1558 1314 1652 1341 eam
1679 1301 1887 1342 rationem

363 1371 631 1413 declamandi
676 1387 785 1426 quae
829 1372 874 1412 in
919 1371 1006 1412 illis
1053 1371 1436 1412 declamationibus
1477 1371 1780 1420 Quintilianeis
1825 1375 1890 1413 est

363 1430 610 1497 conspicua,
649 1443 735 1483 iam
773 1446 966 1497 tempore
1000 1440 1143 1483 Sullae
1181 1442 1313 1483 fuisse
1346 1442 1551 1483 usitatam
1582 1457 1662 1484 nec
1694 1443 1887 1484 dubitan-

366 1514 466 1555 dum
500 1516 565 1554 est
597 1513 700 1568 quin
731 1513 815 1554 iam
849 1514 925 1555 illo
958 1516 1154 1567 tempore
1188 1513 1397 1554 eiusmodi
1429 1513 1788 1556 declamationum
1822 1529 1888 1555 ex-

366 1584 560 1626 stiterint
593 1585 877 1626 collectiones.

484 1655 811 1698 Controuersias
837 1670 916 1711 ego
936 1671 1024 1698 non
1045 1655 1244 1711 colligam
1266 1670 1431 1698 omnes:
1458 1671 1594 1712 neque
1618 1656 1730 1698 enim
1751 1659 1889 1699 totum

366 1728 524 1768 librum
546 1730 745 1782 quartum
767 1728 1005 1769 exscribere
1025 1730 1174 1769 uacat:
1202 1727 1275 1768 sed
1297 1742 1366 1769 eas
1393 1727 1666 1782 potissimum
1693 1729 1889 1769 tractabo

366 1813 473 1852 quae
511 1798 555 1838 in
593 1798 701 1839 libro
734 1798 755 1839 Ι
789 1801 831 1840 et
861 1798 903 1839 ΙΙ
945 1800 1345 1840 commemorantur.
1409 1798 1501 1848 Qua
1539 1799 1582 1841 in
1615 1814 1660 1841 re
1691 1799 1733 1840 id
1772 1813 1889 1854 prae—

366 1869 488 1923 cipue
527 1869 880 1910 considerandum
915 1872 980 1911 est
1018 1869 1132 1925 quod
1164 1883 1422 1924 magnopere
1456 1870 1566 1912 ratio
1599 1869 1816 1912 Ciceronis
1849 1872 1892 1911 et

368 1940 588 1994 scriptoris
617 1940 669 1981 ad
695 1939 796 1982 Her.
824 1955 908 1995 qua
934 1943 1111 1995 uterque
1138 1940 1274 1981 utitur
1300 1941 1343 1981 in
1370 1941 1675 1983 controuersiis
1708 1941 1820 1982 inter
1846 1955 1891 1982 se

369 2010 580 2052 differunt.
642 2010 790 2053 Veluti
821 2027 1033 2067 nusquam
1065 2027 1203 2068 neque
1236 2013 1280 2053 in
1316 2013 1604 2054 suasoriarum
1641 2037 1690 2043 —
1727 2028 1810 2067 qua
1843 2013 1891 2053 de

368 2097 412 2124 re
450 2082 536 2124 iam
575 2097 705 2136 supra
743 2083 904 2124 dictum
944 2086 1010 2125 est
1041 2108 1094 2113 —
1128 2098 1265 2139 neque
1297 2085 1341 2125 in
1383 2086 1770 2126 controuersiarum
1802 2084 1892 2125 the·

370 2153 556 2194 matibus
591 2154 702 2207 apud
729 2153 844 2195 hunc
875 2156 1118 2196 tractantur
1148 2168 1214 2195 res
1243 2159 1342 2197 ante
1375 2156 1534 2197 bellum
1560 2155 1892 2197 Hannibalicum

372 2227 518 2279 gestae
546 2239 681 2279 neque
709 2240 759 2266 ex
785 2225 966 2266 historia
994 2225 1156 2268 Graeca
1182 2227 1356 2282 petitae,
1381 2227 1426 2268 in
1453 2226 1758 2268 controuersiis
1786 2241 1893 2281 quae

371 2298 662 2337 memorantur
708 2311 756 2337 ea
799 2295 887 2337 fere
927 2297 1074 2338 omnia
1113 2299 1208 2338 acta
1250 2300 1348 2339 sunt
1386 2297 1547 2339 Romae
1589 2297 1686 2337 inde
1729 2312 1753 2338 a
1794 2298 1894 2338 belli

372 2366 619 2421 Iugurthini
646 2367 762 2408 exitu
794 2381 929 2421 usque
962 2367 1015 2408 ad
1048 2367 1208 2409 exitum
1242 2368 1342 2409 belli
1368 2366 1564 2408 Mariani.
1614 2368 1674 2408 At
1700 2367 1741 2407 iu
1770 2367 1893 2409 libris

373 2437 422 2478 de
464 2437 549 2478 inu.
590 2437 728 2478 multa
773 2440 945 2478 exstant
990 2438 1181 2491 exempla
1228 2452 1277 2478 ex
1320 2438 1606 2479 uetustior-um
1649 2440 1892 2492 temporum

373 2508 556 2549 historia
582 2508 737 2561 petita:
770 2508 878 2549 conf.
900 2507 943 2549 ΙΙ
970 2508 1039 2562 26,
1061 2508 1128 2550 78.
1163 2509 1232 2559 30,
1258 2509 1326 2550 91.
1363 2509 1428 2562 17,
1455 2509 1524 2549 52.
1557 2508 1623 2559 34,
1654 2508 1749 2549 105.
1781 2508 1801 2549 Ι
1828 2510 1895 2563 30,

374 2581 429 2621 48
461 2593 599 2634 neque
632 2579 769 2620 solum
797 2579 958 2620 Romae
991 2579 1308 2620 controuersiae
1336 2579 1545 2620 librorum
1572 2579 1622 2620 de
1648 2580 1734 2620 inu.
1762 2593 1893 2634 agun-

375 2655 444 2693 tur
483 2650 555 2692 sed
594 2649 843 2703 saepissime
882 2650 994 2704 apud
1033 2649 1219 2692 Graecos
1258 2650 1396 2691 ueluti
1433 2649 1574 2691 Rhodi
1614 2650 1635 2690 I
1662 2650 1729 2704 30,
1757 2651 1809 2690 47
1851 2649 1893 2690 Π

377 2723 444 2775 20,
472 2722 538 2762 87.
572 2722 640 2774 32,
667 2721 721 2762 98
767 2720 1085 2762 Lacedaemone
1125 2720 1168 2761 Π
1201 2721 1270 2775 31,
1297 2721 1352 2762 96
1397 2721 1508 2776 apud
1554 2720 1894 2775 Amphictyonas

378 2792 416 2831 ΙΙ
453 2792 520 2842 23,
547 2792 615 2833 69.
676 2790 799 2832 Unde
833 2794 1012 2846 apparet
1044 2792 1087 2832 in
1122 2791 1223 2833 ludo
1256 2806 1339 2846 quo
1374 2792 1556 2846 scriptor
1588 2791 1640 2832 ad
1671 2790 1771 2832 Her.
1803 2806 1895 2832 eru-

379 2863 490 2902 ditus
524 2865 615 2903 erat
647 2862 864 2904 doctorem
898 2877 983 2904 non
1018 2863 1156 2904 solum
1188 2877 1255 2905 res
1282 2862 1464 2904 Graecas
1498 2863 1702 2916 quantum
1735 2861 1777 2901 id
1802 2862 1896 2903 fieri

380 2932 568 2986 potuerit
598 2933 898 2974 reformidasse
932 2936 974 2974 et
999 2934 1234 2975 remouisse
1267 2934 1339 2975 sed
1372 2934 1502 2974 etiam
1529 2931 1736 2973 eiusmodi
1763 2932 1894 2985 potis-
