2003 3116
68 2058 112 2083 De
139 2060 298 2092 orthogra-

41 2094 131 2123 phiae
143 2096 322 2123 rationibus.

56 2780 99 2805 De
122 2780 290 2805 uocalibus.

361 112 443 153 162
935 109 1300 142 PROLEGOMENA.

357 219 408 260 ad
435 219 609 259 uerbum
637 216 792 257 additis
819 215 1044 270 perpaucis
1071 215 1380 270 supplementis
1407 229 1458 256 ex
1489 230 1696 258 consensu
1730 218 1872 273 operis

356 288 628 333 Cornificiani
670 287 741 341 qui
774 301 824 327 ex
857 285 1006 327 eodem
1043 286 1143 327 ludo
1176 285 1392 339 profectus
1426 286 1597 339 scripsit
1633 287 1732 342 περὶ
1771 300 1872 344 σχη-

352 359 499 412 μάτων
538 358 759 399 euincitur.
821 357 984 398 Eodem
1029 357 1155 397 modo
1196 355 1343 398 Cicero
1390 357 1556 398 auditas
1600 357 1727 411 paulo
1773 364 1871 401 ante

351 429 510 470 bellum
537 427 770 469 Marsicum
795 427 1086 482 praeceptoris
1114 427 1179 468 sui
1207 427 1374 468 scholas
1403 430 1446 468 et
1471 428 1515 468 in
1543 431 1870 472 commentarios

351 514 449 540 suos
476 499 632 540 relatas
660 499 837 540 adiectis
863 498 1094 552 prooemiis
1121 500 1163 539 et
1189 498 1370 553 epilogis
1400 497 1535 539 edidit
1567 513 1677 540 anno
1710 500 1869 542 incerto

349 570 477 612 homo
527 571 744 625 praecocis
795 570 958 624 ingenii
1010 569 1159 610 doctus
1209 569 1463 610 industrius:
1514 572 1712 611 neutrum
1764 586 1869 626 opus

349 656 456 696 quae
484 644 577 683 erat
603 642 789 683 auctoris
817 640 1018 682 uoluntas
1051 642 1094 681 et
1119 640 1345 682 consilium
1379 640 1423 681 in
1455 640 1687 682 multorum
1714 657 1869 684 manus

346 712 490 753 uenire
518 712 710 754 debebat.
760 711 875 753 Usus
903 714 971 752 est
996 710 1214 753 Ciceronis
1247 714 1498 765 praeceptor
1529 713 1762 754 recentiore
1795 713 1869 754 illa

346 786 437 823 arte
482 782 663 824 Graeca:
707 785 884 837 uterque
930 782 1078 823 doctor
1123 781 1300 823 Latinus
1346 781 1656 823 uetustioribus
1703 784 1866 825 artibus

345 852 508 894 Latinis
560 854 698 909 qualis
750 856 840 895 erat
889 852 1072 894 Antonii
1126 853 1236 893 liber
1294 853 1366 893 alii
1424 867 1603 907 quorum
1660 855 1866 895 memoria

344 927 515 966 seruata
551 939 639 966 non
677 927 753 966 est.
817 923 963 976 [Plura
996 924 1030 964 si
1063 924 1229 978 quaeris
1267 923 1315 964 de
1347 923 1414 964 his
1449 924 1772 978 quaestionibus
1804 925 1865 966 in-

342 996 486 1037 uenies
521 997 714 1051 exposita
745 996 790 1037 in
825 994 1031 1036 GThielei
1063 994 1330 1050 Hermagora
1362 994 1434 1048 qui
1466 995 1591 1036 modo
1625 994 1763 1036 editus
1797 998 1861 1037 est

342 1067 621 1123 Argentorati
668 1067 798 1109 1893:
844 1081 926 1121 quo
965 1066 1009 1107 in
1054 1065 1162 1107 libro
1210 1066 1345 1106 multa
1389 1065 1662 1107 inuenientur
1707 1066 1756 1107 de
1794 1066 1861 1108 his

340 1139 468 1180 rebus
519 1139 666 1180 eadem
716 1138 881 1179 ratione
933 1137 1127 1191 exposita
1172 1151 1256 1190 qua
1299 1137 1344 1177 in
1388 1136 1467 1177 hoc
1512 1137 1705 1190 exposita
1749 1141 1862 1178 sunt.

341 1209 458 1259 Quae
498 1210 551 1251 ab
590 1210 665 1250 illo
705 1224 730 1250 a
769 1209 931 1250 nostris
969 1207 1207 1249 rationibus
1254 1207 1422 1248 diuersa
1465 1207 1756 1261 proferuntur,
1802 1208 1860 1249 eis

338 1295 415 1322 nos
453 1295 538 1322 non
583 1279 843 1322 commoueri
881 1279 987 1320 scito
1026 1281 1073 1319 ut
1112 1280 1421 1319 commutemus
1459 1280 1654 1319 nostram
1693 1282 1858 1320 senten-

336 1352 442 1393 tiam
475 1351 721 1393 summatim
754 1350 880 1392 modo
915 1349 1182 1408 expositam]

452 1422 719 1464 Pertractata
751 1421 1005 1462 difficillima
1044 1420 1093 1461 de
1133 1420 1378 1462 auctoribus
1416 1420 1624 1462 librorum
1658 1420 1710 1461 ad
1747 1419 1848 1462 Her.

335 1495 584 1549 quaestione
617 1495 753 1534 restat
785 1495 832 1533 ut
866 1492 914 1533 de
949 1506 1143 1533 sermone
1177 1506 1258 1545 quo
1292 1506 1394 1533 usus
1429 1492 1484 1532 sit
1516 1505 1754 1545 anonymus
1782 1492 1852 1533 ille

334 1568 487 1621 agatur
513 1580 596 1620 qua
622 1564 672 1606 de
698 1579 743 1605 re
769 1563 878 1605 conf.
901 1577 1007 1617 quae
1036 1562 1263 1618 diligenter
1289 1562 1485 1616 exposuit
1505 1562 1848 1604 PThielmannus

333 1636 382 1677 de
416 1636 623 1678 sermonis
656 1634 991 1690 proprietatibus
1013 1665 1022 1675 .
1045 1667 1053 1675 .
1074 1666 1082 1675 .
1103 1633 1215 1687 apud
1243 1632 1519 1675 Cornificium
1553 1636 1596 1674 et
1626 1633 1667 1674 in
1702 1633 1852 1687 primis

331 1706 548 1749 Ciceronis
585 1706 705 1747 libris
744 1705 975 1759 Argentor.
1024 1704 1148 1746 1879.
1209 1703 1322 1746 Nam
1364 1704 1416 1745 ad
1457 1703 1678 1759 scriptoris
1725 1705 1856 1745 uerba

329 1781 443 1820 recte
470 1777 735 1819 restituenda
761 1791 868 1830 quae
896 1776 1029 1817 uariis
1058 1775 1192 1816 modis
1221 1778 1420 1830 corrupte
1441 1775 1484 1816 in
1512 1775 1629 1816 codd.
1653 1775 1853 1829 legantur

327 1849 434 1890 nihil
468 1849 603 1904 magis
635 1847 924 1889 necessarium
964 1850 1029 1887 est
1062 1861 1189 1900 quam
1223 1849 1269 1887 ut
1301 1845 1651 1887 consuetudinem
1685 1845 1851 1887 dicendi

330 1934 412 1973 qua
462 1920 598 1961 utitur
646 1918 818 1973 penitus
870 1931 1189 1972 cognoscamus.
1252 1916 1310 1957 Et
1354 1917 1540 1971 primum
1584 1917 1753 1971 quidem
1802 1917 1851 1958 de

328 1990 640 2045 orthographia
672 1989 763 2030 siue
796 1988 846 2030 de
878 1988 1035 2029 litteris
1068 1987 1399 2042 disputabimus.

445 2063 587 2115 Atque
621 2061 655 2102 si
682 2060 850 2114 quaeris
877 2074 1004 2114 quam
1037 2059 1249 2100 rationem
1280 2059 1464 2100 secuturi
1499 2058 1631 2100 simus
1665 2060 1706 2100 in
1736 2059 1847 2100 libro

326 2132 485 2173 edendo
525 2135 669 2172 utrum
707 2131 802 2172 aeui
835 2129 1113 2179 Quintilianei
1149 2145 1204 2171 an
1236 2129 1507 2171 Ciceroniani
1539 2145 1595 2171 an
1627 2130 1735 2171 alius
1768 2130 1845 2171 ali-

324 2203 442 2244 cuius
487 2202 842 2257 orthographiam
888 2201 1175 2243 adhibendam
1220 2215 1313 2242 csse
1358 2215 1628 2257 censeamus.²
1664 2215 1740 2242 nos
1781 2215 1846 2241 re-

323 2274 626 2328 spondebimus
670 2288 756 2314 non
803 2273 928 2315 sicuti
968 2272 1209 2326 Kayserum
1247 2272 1379 2313 uerba
1422 2272 1579 2313 tradita
1618 2271 1669 2312 ad
1713 2287 1843 2313 unam

321 2346 513 2399 regulam
541 2360 615 2398 per
643 2344 730 2384 uim
758 2346 983 2384 exacturos
1012 2343 1085 2384 sed
1112 2358 1196 2384 uno
1224 2357 1391 2397 quoque
1418 2343 1510 2384 loco
1539 2357 1665 2396 quam
1696 2342 1843 2384 lectio—

320 2430 416 2456 nem
460 2415 529 2456 uia
571 2429 618 2456 ac
659 2415 828 2455 ratione
877 2414 1047 2468 assequi
1095 2413 1308 2468 possimus
1355 2413 1701 2466 antiquissimam
1747 2428 1839 2454 eam

319 2500 396 2527 nos
442 2500 533 2526 esse
578 2488 837 2540 recepturos.
900 2485 992 2533 Qua
1036 2484 1081 2525 in
1119 2500 1163 2526 re
1208 2484 1301 2526 ideo
1345 2485 1513 2539 magnis
1558 2484 1840 2538 impediemur

318 2556 645 2598 difficultatibus
691 2556 802 2610 quod
847 2558 889 2597 et
933 2556 1117 2610 scriptor
1160 2556 1252 2610 ipse
1296 2569 1382 2596 non
1432 2555 1617 2609 mclyaris
1667 2554 1835 2608 quidem

318 2626 446 2682 (conf.
476 2626 538 2669 lV
565 2629 632 2680 56,
659 2627 734 2681 69)
769 2627 839 2668 sed
868 2627 1007 2681 plebei
1035 2627 1243 2668 sermonis
1276 2629 1444 2667 amator
1475 2628 1567 2666 erat
1595 2628 1638 2666 et
1669 2624 1837 2665 librarii

315 2699 412 2739 inde
447 2713 471 2739 a
503 2699 673 2740 saeculo
700 2698 759 2739 IV
788 2713 870 2753 quo
904 2698 1040 2739 denuo
1074 2699 1274 2739 inuentus
1308 2700 1372 2738 est
1404 2697 1522 2738 illam
1549 2695 1833 2736 rusticitatem

318 2769 442 2809 modo
483 2772 692 2810 auxerunt
729 2769 855 2810 modo
895 2769 1172 2810 sustulerunt.
1235 2768 1384 2809 Veluti
1420 2792 1469 2797 ——
1510 2781 1609 2808 nam
1647 2766 1833 2821 primum

315 2838 364 2879 de
391 2841 610 2880 uocalibus
639 2843 789 2894 agetur
809 2863 866 2869 -—
886 2855 962 2894 pro
991 2841 1004 2880 i
1031 2837 1341 2893 breui'passim
1367 2853 1389 2879 e
1415 2839 1649 2892 posuerunt
1678 2837 1832 2879 uitiose
