<?xml version="1.0" encoding="UTF-8"?>
<!DOCTYPE html PUBLIC "-//W3C//DTD XHTML 1.0 Transitional//EN"
    "http://www.w3.org/TR/xhtml1/DTD/xhtml1-transitional.dtd">
<html xmlns="http://www.w3.org/1999/xhtml" xml:lang="en" lang="en">
 <head>
  <title>
</title>
<meta http-equiv="Content-Type" content="text/html;charset=utf-8" />
  <meta name='ocr-system' content='tesseract 3.04.00' />
  <meta name='ocr-capabilities' content='ocr_page ocr_carea ocr_par ocr_line ocrx_word'/>
</head>
<body>
  <div class='ocr_page' id='page_1' title='image "./incertiauctorisd00marxuoft_0142.png"; bbox 0 0 2003 3116; ppageno 0'>
   <div class='ocr_carea' id='block_1_1' title="bbox 332 119 1274 160">
    <p class='ocr_par' dir='ltr' id='par_1_1' title="bbox 332 119 1274 160">
     <span class='ocr_line' id='line_1_1' title="bbox 332 119 1274 160; baseline -0.006 0"><span class='ocrx_word' id='word_1_1' title='bbox 332 119 415 160; x_wconf 74' lang='lat'>124</span> <span class='ocrx_word' id='word_1_2' title='bbox 905 119 1274 154; x_wconf 75' lang='lat' dir='ltr'>PROLEGOMENA.</span> 
     </span>
    </p>
   </div>
   <div class='ocr_carea' id='block_1_2' title="bbox 325 225 1855 2909">
    <p class='ocr_par' dir='ltr' id='par_1_2' title="bbox 325 225 1855 2909">
     <span class='ocr_line' id='line_1_2' title="bbox 329 225 1848 280; baseline 0 -12"><span class='ocrx_word' id='word_1_3' title='bbox 329 227 403 268; x_wconf 85' lang='lat' dir='ltr'>alii</span> <span class='ocrx_word' id='word_1_4' title='bbox 433 230 525 275; x_wconf 48' lang='lat' dir='ltr'>,tum</span> <span class='ocrx_word' id='word_1_5' title='bbox 557 225 788 280; x_wconf 81' lang='lat' dir='ltr'>Verginius</span> <span class='ocrx_word' id='word_1_6' title='bbox 821 226 979 267; x_wconf 81' lang='lat' dir='ltr'>Flauus</span> <span class='ocrx_word' id='word_1_7' title='bbox 1011 225 1175 276; x_wconf 81' lang='lat' dir='ltr'>rhetor,</span> <span class='ocrx_word' id='word_1_8' title='bbox 1214 225 1466 274; x_wconf 77' lang='lat' dir='ltr'>Quintiliani</span> <span class='ocrx_word' id='word_1_9' title='bbox 1497 226 1704 279; x_wconf 90' lang='lat' dir='ltr'>aequalis:</span> <span class='ocrx_word' id='word_1_10' title='bbox 1749 241 1848 268; x_wconf 87' lang='lat' dir='ltr'>con-</span> 
     </span>
     <span class='ocr_line' id='line_1_3' title="bbox 331 294 1847 351; baseline 0.001 -15"><span class='ocrx_word' id='word_1_11' title='bbox 331 297 579 338; x_wconf 85' lang='lat' dir='ltr'>iecturalem</span> <span class='ocrx_word' id='word_1_12' title='bbox 605 296 786 350; x_wconf 76' lang='lat' dir='ltr'>legalem</span> <span class='ocrx_word' id='word_1_13' title='bbox 813 295 1094 338; x_wconf 86' lang='lat' dir='ltr'>iuridicialem</span> <span class='ocrx_word' id='word_1_14' title='bbox 1115 294 1314 350; x_wconf 81' lang='lat' dir='ltr'>(Quintil.</span> <span class='ocrx_word' id='word_1_15' title='bbox 1333 294 1398 336; x_wconf 86' lang='lat' dir='ltr'>HI</span> <span class='ocrx_word' id='word_1_16' title='bbox 1420 294 1563 351; x_wconf 76' lang='lat' dir='ltr'>ss‚45).</span> <span class='ocrx_word' id='word_1_17' title='bbox 1595 295 1847 351; x_wconf 86' lang='lat' dir='ltr'>Verginium</span> 
     </span>
     <span class='ocr_line' id='line_1_4' title="bbox 328 366 1846 422; baseline 0.001 -15"><span class='ocrx_word' id='word_1_18' title='bbox 328 368 451 408; x_wconf 87' lang='lat' dir='ltr'>sicuti</span> <span class='ocrx_word' id='word_1_19' title='bbox 489 366 612 407; x_wconf 87' lang='lat' dir='ltr'>illum</span> <span class='ocrx_word' id='word_1_20' title='bbox 649 366 867 409; x_wconf 76' lang='lat' dir='ltr'>rhetorem</span> <span class='ocrx_word' id='word_1_21' title='bbox 905 366 1018 421; x_wconf 90' lang='lat' dir='ltr'>apud</span> <span class='ocrx_word' id='word_1_22' title='bbox 1057 366 1304 407; x_wconf 87' lang='lat' dir='ltr'>quenalem</span> <span class='ocrx_word' id='word_1_23' title='bbox 1345 366 1395 407; x_wconf 90' lang='lat' dir='ltr'>de</span> <span class='ocrx_word' id='word_1_24' title='bbox 1434 381 1517 421; x_wconf 88' lang='lat' dir='ltr'>quo</span> <span class='ocrx_word' id='word_1_25' title='bbox 1560 381 1690 422; x_wconf 89' lang='lat' dir='ltr'>supra</span> <span class='ocrx_word' id='word_1_26' title='bbox 1726 382 1766 421; x_wconf 88' lang='lat' dir='ltr'>p.</span> <span class='ocrx_word' id='word_1_27' title='bbox 1793 367 1846 409; x_wconf 77' lang='lat'>81</span> 
     </span>
     <span class='ocr_line' id='line_1_5' title="bbox 329 435 1847 492; baseline 0.001 -14"><span class='ocrx_word' id='word_1_28' title='bbox 329 438 494 491; x_wconf 75' lang='lat' dir='ltr'>egimus</span> <span class='ocrx_word' id='word_1_29' title='bbox 521 435 733 478; x_wconf 87' lang='lat' dir='ltr'>Theodori</span> <span class='ocrx_word' id='word_1_30' title='bbox 759 437 822 478; x_wconf 88' lang='lat' dir='ltr'>ita</span> <span class='ocrx_word' id='word_1_31' title='bbox 849 435 999 478; x_wconf 86' lang='lat' dir='ltr'>Graeci</span> <span class='ocrx_word' id='word_1_32' title='bbox 1026 436 1247 478; x_wconf 89' lang='lat' dir='ltr'>cuiusdam</span> <span class='ocrx_word' id='word_1_33' title='bbox 1272 436 1458 479; x_wconf 90' lang='lat' dir='ltr'>rhetoris</span> <span class='ocrx_word' id='word_1_34' title='bbox 1491 439 1628 479; x_wconf 87' lang='lat' dir='ltr'>artem</span> <span class='ocrx_word' id='word_1_35' title='bbox 1659 437 1701 478; x_wconf 93' lang='lat' dir='ltr'>in</span> <span class='ocrx_word' id='word_1_36' title='bbox 1728 452 1847 492; x_wconf 83' lang='lat' dir='ltr'>prae-</span> 
     </span>
     <span class='ocr_line' id='line_1_6' title="bbox 327 507 1845 563; baseline 0.001 -15"><span class='ocrx_word' id='word_1_37' title='bbox 327 507 462 562; x_wconf 84' lang='lat' dir='ltr'>ceptis</span> <span class='ocrx_word' id='word_1_38' title='bbox 499 507 666 549; x_wconf 86' lang='lat' dir='ltr'>Latinis</span> <span class='ocrx_word' id='word_1_39' title='bbox 706 509 897 549; x_wconf 88' lang='lat' dir='ltr'>secutum</span> <span class='ocrx_word' id='word_1_40' title='bbox 936 521 1028 548; x_wconf 90' lang='lat' dir='ltr'>esse</span> <span class='ocrx_word' id='word_1_41' title='bbox 1067 521 1116 548; x_wconf 93' lang='lat' dir='ltr'>eo</span> <span class='ocrx_word' id='word_1_42' title='bbox 1159 507 1359 563; x_wconf 89' lang='lat' dir='ltr'>efficitur,</span> <span class='ocrx_word' id='word_1_43' title='bbox 1404 507 1516 563; x_wconf 90' lang='lat' dir='ltr'>quod</span> <span class='ocrx_word' id='word_1_44' title='bbox 1560 509 1718 562; x_wconf 80' lang='grc' dir='ltr'><strong><em>νομική</em></strong></span> <span class='ocrx_word' id='word_1_45' title='bbox 1761 522 1845 549; x_wconf 90' lang='lat' dir='ltr'>non</span> 
     </span>
     <span class='ocr_line' id='line_1_7' title="bbox 328 577 1647 633; baseline 0.002 -14"><span class='ocrx_word' id='word_1_46' title='bbox 328 581 515 620; x_wconf 87' lang='lat' dir='ltr'>uerterat</span> <span class='ocrx_word' id='word_1_47' title='bbox 547 579 748 633; x_wconf 72' lang='lat' dir='ltr'>leyz&#39;timus</span> <span class='ocrx_word' id='word_1_48' title='bbox 781 578 909 620; x_wconf 90' lang='lat' dir='ltr'>sicuti</span> <span class='ocrx_word' id='word_1_49' title='bbox 941 578 1126 632; x_wconf 83' lang='lat' dir='ltr'>scriptor</span> <span class='ocrx_word' id='word_1_50' title='bbox 1159 577 1213 620; x_wconf 89' lang='lat' dir='ltr'>ad</span> <span class='ocrx_word' id='word_1_51' title='bbox 1244 578 1359 633; x_wconf 90' lang='lat' dir='ltr'>Her.,</span> <span class='ocrx_word' id='word_1_52' title='bbox 1391 578 1465 620; x_wconf 91' lang='lat' dir='ltr'>sed</span> <span class='ocrx_word' id='word_1_53' title='bbox 1497 579 1647 633; x_wconf 72' lang='lat' dir='ltr'>Zeyalis.</span> 
     </span>
     <span class='ocr_line' id='line_1_8' title="bbox 443 647 1851 704; baseline 0.001 -14"><span class='ocrx_word' id='word_1_54' title='bbox 443 648 671 691; x_wconf 86' lang='lat' dir='ltr'>Praeterea</span> <span class='ocrx_word' id='word_1_55' title='bbox 701 649 783 692; x_wconf 90' lang='lat' dir='ltr'>hoc</span> <span class='ocrx_word' id='word_1_56' title='bbox 815 650 944 691; x_wconf 91' lang='lat' dir='ltr'>uelim</span> <span class='ocrx_word' id='word_1_57' title='bbox 977 648 1248 691; x_wconf 83' lang='lat' dir='ltr'>considerent</span> <span class='ocrx_word' id='word_1_58' title='bbox 1280 649 1330 702; x_wconf 90' lang='lat' dir='ltr'>ei,</span> <span class='ocrx_word' id='word_1_59' title='bbox 1364 649 1436 704; x_wconf 91' lang='lat' dir='ltr'>qui</span> <span class='ocrx_word' id='word_1_60' title='bbox 1463 647 1711 692; x_wconf 80' lang='lat' dir='ltr'>Ciceronem</span> <span class='ocrx_word' id='word_1_61' title='bbox 1741 650 1851 692; x_wconf 89' lang='lat' dir='ltr'>arbi-</span> 
     </span>
     <span class='ocr_line' id='line_1_9' title="bbox 326 708 1849 775; baseline 0 -13"><span class='ocrx_word' id='word_1_62' title='bbox 326 722 495 762; x_wconf 87' lang='lat' dir='ltr'>trantur</span> <span class='ocrx_word' id='word_1_63' title='bbox 535 720 668 762; x_wconf 90' lang='lat' dir='ltr'>libros</span> <span class='ocrx_word' id='word_1_64' title='bbox 709 720 762 762; x_wconf 92' lang='lat' dir='ltr'>ad</span> <span class='ocrx_word' id='word_1_65' title='bbox 800 720 901 764; x_wconf 90' lang='lat' dir='ltr'>Her.</span> <span class='ocrx_word' id='word_1_66' title='bbox 940 708 1214 775; x_wconf 83' lang='lat' dir='ltr'>compilasse,</span> <span class='ocrx_word' id='word_1_67' title='bbox 1257 720 1369 775; x_wconf 89' lang='lat' dir='ltr'>quod</span> <span class='ocrx_word' id='word_1_68' title='bbox 1407 721 1512 762; x_wconf 89' lang='lat' dir='ltr'>locis</span> <span class='ocrx_word' id='word_1_69' title='bbox 1550 720 1662 762; x_wconf 91' lang='lat' dir='ltr'>haud</span> <span class='ocrx_word' id='word_1_70' title='bbox 1700 722 1849 775; x_wconf 87' lang='lat' dir='ltr'>paucis</span> 
     </span>
     <span class='ocr_line' id='line_1_10' title="bbox 326 790 1850 847; baseline 0.001 -15"><span class='ocrx_word' id='word_1_71' title='bbox 326 793 396 834; x_wconf 88' lang='lat' dir='ltr'>ille</span> <span class='ocrx_word' id='word_1_72' title='bbox 435 791 572 834; x_wconf 91' lang='lat' dir='ltr'>multo</span> <span class='ocrx_word' id='word_1_73' title='bbox 612 794 677 833; x_wconf 89' lang='lat' dir='ltr'>est</span> <span class='ocrx_word' id='word_1_74' title='bbox 715 791 963 847; x_wconf 87' lang='lat' dir='ltr'>diligentior</span> <span class='ocrx_word' id='word_1_75' title='bbox 1002 794 1044 833; x_wconf 89' lang='lat' dir='ltr'>et</span> <span class='ocrx_word' id='word_1_76' title='bbox 1083 792 1331 834; x_wconf 82' lang='lat' dir='ltr'>accuratior.</span> <span class='ocrx_word' id='word_1_77' title='bbox 1394 790 1543 833; x_wconf 86' lang='lat' dir='ltr'>Veluti</span> <span class='ocrx_word' id='word_1_78' title='bbox 1581 791 1693 846; x_wconf 87' lang='lat' dir='ltr'>apud</span> <span class='ocrx_word' id='word_1_79' title='bbox 1736 792 1850 834; x_wconf 89' lang='lat' dir='ltr'>hunc</span> 
     </span>
     <span class='ocr_line' id='line_1_11' title="bbox 327 861 1851 918; baseline 0 -14"><span class='ocrx_word' id='word_1_80' title='bbox 327 863 511 918; x_wconf 88' lang='lat' dir='ltr'>legimus</span> <span class='ocrx_word' id='word_1_81' title='bbox 543 862 587 904; x_wconf 87' lang='lat' dir='ltr'>II</span> <span class='ocrx_word' id='word_1_82' title='bbox 614 863 687 917; x_wconf 81' lang='lat'>31,</span> <span class='ocrx_word' id='word_1_83' title='bbox 715 862 791 904; x_wconf 81' lang='lat'>50:</span> <span class='ocrx_word' id='word_1_84' title='bbox 836 861 1281 905; x_wconf 70' lang='lat' dir='ltr'>‘commiserationem</span> <span class='ocrx_word' id='word_1_85' title='bbox 1318 863 1492 904; x_wconf 90' lang='lat' dir='ltr'>breuem</span> <span class='ocrx_word' id='word_1_86' title='bbox 1533 876 1624 904; x_wconf 89' lang='lat' dir='ltr'>esse</span> <span class='ocrx_word' id='word_1_87' title='bbox 1665 865 1851 917; x_wconf 86' lang='lat' dir='ltr'>oportet:</span> 
     </span>
     <span class='ocr_line' id='line_1_12' title="bbox 329 933 1853 988; baseline 0 -13"><span class='ocrx_word' id='word_1_88' title='bbox 329 934 439 975; x_wconf 89' lang='lat' dir='ltr'>nihil</span> <span class='ocrx_word' id='word_1_89' title='bbox 478 934 593 975; x_wconf 91' lang='lat' dir='ltr'>enim</span> <span class='ocrx_word' id='word_1_90' title='bbox 631 934 809 976; x_wconf 90' lang='lat' dir='ltr'>lacrima</span> <span class='ocrx_word' id='word_1_91' title='bbox 841 934 966 976; x_wconf 89' lang='lat' dir='ltr'>citius</span> <span class='ocrx_word' id='word_1_92' title='bbox 1000 933 1182 976; x_wconf 60' lang='lat' dir='ltr'>arescit?</span> <span class='ocrx_word' id='word_1_93' title='bbox 1245 933 1341 976; x_wconf 89' lang='lat' dir='ltr'>Iure</span> <span class='ocrx_word' id='word_1_94' title='bbox 1373 934 1614 976; x_wconf 87' lang='lat' dir='ltr'>laudauerit</span> <span class='ocrx_word' id='word_1_95' title='bbox 1646 933 1739 988; x_wconf 86' lang='lat' dir='ltr'>quis</span> <span class='ocrx_word' id='word_1_96' title='bbox 1771 934 1853 976; x_wconf 91' lang='lat' dir='ltr'>hoc</span> 
     </span>
     <span class='ocr_line' id='line_1_13' title="bbox 332 1003 1852 1061; baseline 0 -15"><span class='ocrx_word' id='word_1_97' title='bbox 332 1005 491 1047; x_wconf 84' lang='lat' dir='ltr'>dictum</span> <span class='ocrx_word' id='word_1_98' title='bbox 531 1006 652 1060; x_wconf 82' lang='lat' dir='ltr'>quasi</span> <span class='ocrx_word' id='word_1_99' title='bbox 696 1020 793 1047; x_wconf 83' lang='lat' dir='ltr'>uere</span> <span class='ocrx_word' id='word_1_100' title='bbox 832 1005 1016 1048; x_wconf 86' lang='lat' dir='ltr'>Romani</span> <span class='ocrx_word' id='word_1_101' title='bbox 1061 1006 1243 1061; x_wconf 88' lang='lat' dir='ltr'>saporis:</span> <span class='ocrx_word' id='word_1_102' title='bbox 1290 1007 1334 1047; x_wconf 88' lang='lat' dir='ltr'>at</span> <span class='ocrx_word' id='word_1_103' title='bbox 1377 1005 1526 1047; x_wconf 88' lang='lat' dir='ltr'>eadem</span> <span class='ocrx_word' id='word_1_104' title='bbox 1564 1003 1732 1060; x_wconf 89' lang='lat' dir='ltr'>Cicero,</span> <span class='ocrx_word' id='word_1_105' title='bbox 1778 1004 1852 1046; x_wconf 88' lang='lat' dir='ltr'>sed</span> 
     </span>
     <span class='ocr_line' id='line_1_14' title="bbox 329 1075 1854 1132; baseline -0.001 -14"><span class='ocrx_word' id='word_1_106' title='bbox 329 1077 568 1118; x_wconf 81' lang='lat' dir='ltr'>accuratius</span> <span class='ocrx_word' id='word_1_107' title='bbox 601 1076 623 1118; x_wconf 87' lang='lat' dir='ltr'>I</span> <span class='ocrx_word' id='word_1_108' title='bbox 643 1076 711 1132; x_wconf 84' lang='lat'>56,</span> <span class='ocrx_word' id='word_1_109' title='bbox 734 1077 836 1119; x_wconf 82' lang='lat'>109:</span> <span class='ocrx_word' id='word_1_110' title='bbox 869 1075 1124 1119; x_wconf 71' lang='lat' dir='ltr'>‘Commotis</span> <span class='ocrx_word' id='word_1_111' title='bbox 1151 1079 1294 1119; x_wconf 87' lang='lat' dir='ltr'>autem</span> <span class='ocrx_word' id='word_1_112' title='bbox 1321 1077 1475 1119; x_wconf 86' lang='lat' dir='ltr'>animis</span> <span class='ocrx_word' id='word_1_113' title='bbox 1504 1076 1662 1118; x_wconf 84' lang='lat' dir='ltr'>diutius</span> <span class='ocrx_word' id='word_1_114' title='bbox 1691 1076 1735 1117; x_wconf 87' lang='lat' dir='ltr'>in</span> <span class='ocrx_word' id='word_1_115' title='bbox 1757 1090 1854 1118; x_wconf 90' lang='lat' dir='ltr'>con-</span> 
     </span>
     <span class='ocr_line' id='line_1_15' title="bbox 327 1147 1854 1203; baseline -0.001 -14"><span class='ocrx_word' id='word_1_116' title='bbox 327 1149 546 1203; x_wconf 88' lang='lat' dir='ltr'>questione</span> <span class='ocrx_word' id='word_1_117' title='bbox 588 1148 748 1189; x_wconf 88' lang='lat' dir='ltr'>morari</span> <span class='ocrx_word' id='word_1_118' title='bbox 783 1163 869 1190; x_wconf 92' lang='lat' dir='ltr'>non</span> <span class='ocrx_word' id='word_1_119' title='bbox 897 1148 1125 1202; x_wconf 85' lang='lat' dir='ltr'>oportebit.</span> <span class='ocrx_word' id='word_1_120' title='bbox 1189 1147 1556 1198; x_wconf 80' lang='lat' dir='ltr'>Quemadmodum</span> <span class='ocrx_word' id='word_1_121' title='bbox 1595 1147 1708 1188; x_wconf 89' lang='lat' dir='ltr'>enim</span> <span class='ocrx_word' id='word_1_122' title='bbox 1746 1147 1854 1188; x_wconf 83' lang='lat' dir='ltr'>dixit</span> 
     </span>
     <span class='ocr_line' id='line_1_16' title="bbox 327 1218 1852 1274; baseline -0.001 -14"><span class='ocrx_word' id='word_1_123' title='bbox 327 1219 475 1261; x_wconf 87' lang='lat' dir='ltr'>rhetor</span> <span class='ocrx_word' id='word_1_124' title='bbox 514 1219 791 1274; x_wconf 83' lang='lat' dir='ltr'>Apollonius,</span> <span class='ocrx_word' id='word_1_125' title='bbox 836 1219 1014 1261; x_wconf 87' lang='lat' dir='ltr'>lacrima</span> <span class='ocrx_word' id='word_1_126' title='bbox 1050 1219 1160 1261; x_wconf 87' lang='lat' dir='ltr'>nihil</span> <span class='ocrx_word' id='word_1_127' title='bbox 1200 1220 1324 1261; x_wconf 88' lang='lat' dir='ltr'>citius</span> <span class='ocrx_word' id='word_1_128' title='bbox 1364 1218 1546 1260; x_wconf 69' lang='lat' dir='ltr'>arescit.²</span> <span class='ocrx_word' id='word_1_129' title='bbox 1610 1218 1733 1260; x_wconf 84' lang='lat' dir='ltr'>Certe</span> <span class='ocrx_word' id='word_1_130' title='bbox 1776 1219 1852 1260; x_wconf 88' lang='lat' dir='ltr'>tali</span> 
     </span>
     <span class='ocr_line' id='line_1_17' title="bbox 328 1286 1852 1346; baseline -0.001 -14"><span class='ocrx_word' id='word_1_131' title='bbox 328 1292 454 1333; x_wconf 89' lang='lat' dir='ltr'>modo</span> <span class='ocrx_word' id='word_1_132' title='bbox 481 1286 617 1333; x_wconf 84' lang='lat' dir='ltr'>furari</span> <span class='ocrx_word' id='word_1_133' title='bbox 643 1306 731 1333; x_wconf 89' lang='lat' dir='ltr'>non</span> <span class='ocrx_word' id='word_1_134' title='bbox 757 1294 1016 1334; x_wconf 87' lang='lat' dir='ltr'>consuerunt</span> <span class='ocrx_word' id='word_1_135' title='bbox 1047 1291 1112 1333; x_wconf 89' lang='lat' dir='ltr'>illi</span> <span class='ocrx_word' id='word_1_136' title='bbox 1139 1306 1243 1346; x_wconf 89' lang='lat' dir='ltr'>quos</span> <span class='ocrx_word' id='word_1_137' title='bbox 1276 1291 1460 1333; x_wconf 89' lang='lat' dir='ltr'>aliorum</span> <span class='ocrx_word' id='word_1_138' title='bbox 1492 1291 1652 1345; x_wconf 84' lang='lat' dir='ltr'>scripta</span> <span class='ocrx_word' id='word_1_139' title='bbox 1684 1290 1728 1331; x_wconf 91' lang='lat' dir='ltr'>in</span> <span class='ocrx_word' id='word_1_140' title='bbox 1755 1305 1852 1332; x_wconf 86' lang='lat' dir='ltr'>suos</span> 
     </span>
     <span class='ocr_line' id='line_1_18' title="bbox 327 1360 1853 1418; baseline -0.001 -14"><span class='ocrx_word' id='word_1_141' title='bbox 327 1363 461 1404; x_wconf 87' lang='lat' dir='ltr'>libros</span> <span class='ocrx_word' id='word_1_142' title='bbox 505 1362 663 1404; x_wconf 86' lang='lat' dir='ltr'>inferre</span> <span class='ocrx_word' id='word_1_143' title='bbox 714 1377 802 1405; x_wconf 89' lang='lat' dir='ltr'>non</span> <span class='ocrx_word' id='word_1_144' title='bbox 845 1363 986 1418; x_wconf 89' lang='lat' dir='ltr'>pudet.</span> <span class='ocrx_word' id='word_1_145' title='bbox 1058 1363 1181 1413; x_wconf 80' lang='lat' dir='ltr'>Quod</span> <span class='ocrx_word' id='word_1_146' title='bbox 1232 1362 1392 1404; x_wconf 89' lang='lat' dir='ltr'>dictum</span> <span class='ocrx_word' id='word_1_147' title='bbox 1445 1376 1540 1403; x_wconf 91' lang='lat' dir='ltr'>cum</span> <span class='ocrx_word' id='word_1_148' title='bbox 1591 1376 1642 1402; x_wconf 79' lang='lat' dir='ltr'>ex</span> <span class='ocrx_word' id='word_1_149' title='bbox 1692 1360 1853 1403; x_wconf 88' lang='lat' dir='ltr'>Graeco</span> 
     </span>
     <span class='ocr_line' id='line_1_19' title="bbox 331 1432 1854 1489; baseline -0.001 -14"><span class='ocrx_word' id='word_1_150' title='bbox 331 1449 500 1476; x_wconf 87' lang='lat' dir='ltr'>uersum</span> <span class='ocrx_word' id='word_1_151' title='bbox 532 1449 626 1476; x_wconf 87' lang='lat' dir='ltr'>esse</span> <span class='ocrx_word' id='word_1_152' title='bbox 656 1436 814 1489; x_wconf 85' lang='lat' dir='ltr'>pateat,</span> <span class='ocrx_word' id='word_1_153' title='bbox 847 1435 1032 1489; x_wconf 89' lang='lat' dir='ltr'>primum</span> <span class='ocrx_word' id='word_1_154' title='bbox 1065 1434 1110 1475; x_wconf 93' lang='lat' dir='ltr'>ni</span> <span class='ocrx_word' id='word_1_155' title='bbox 1139 1434 1267 1476; x_wconf 89' lang='lat' dir='ltr'>fallor</span> <span class='ocrx_word' id='word_1_156' title='bbox 1294 1433 1512 1488; x_wconf 83' lang='lat' dir='ltr'>Gybertus</span> <span class='ocrx_word' id='word_1_157' title='bbox 1538 1432 1778 1486; x_wconf 80' lang='lat' dir='ltr'>Longolius</span> <span class='ocrx_word' id='word_1_158' title='bbox 1809 1433 1854 1473; x_wconf 88' lang='lat' dir='ltr'>in</span> 
     </span>
     <span class='ocr_line' id='line_1_20' title="bbox 328 1500 1854 1547; baseline -0.001 -1"><span class='ocrx_word' id='word_1_159' title='bbox 328 1505 425 1547; x_wconf 87' lang='lat' dir='ltr'>edit.</span> <span class='ocrx_word' id='word_1_160' title='bbox 459 1503 707 1547; x_wconf 81' lang='lat' dir='ltr'>Coloniensi</span> <span class='ocrx_word' id='word_1_161' title='bbox 740 1520 775 1547; x_wconf 87' lang='lat' dir='ltr'>a.</span> <span class='ocrx_word' id='word_1_162' title='bbox 806 1505 917 1547; x_wconf 78' lang='lat'>1539</span> <span class='ocrx_word' id='word_1_163' title='bbox 958 1506 1090 1547; x_wconf 88' lang='lat' dir='ltr'>uerba</span> <span class='ocrx_word' id='word_1_164' title='bbox 1123 1503 1288 1546; x_wconf 82' lang='lat' dir='ltr'>Graeca</span> <span class='ocrx_word' id='word_1_165' title='bbox 1321 1504 1547 1546; x_wconf 88' lang='lat' dir='ltr'>constituit</span> <span class='ocrx_word' id='word_1_166' title='bbox 1579 1503 1683 1545; x_wconf 90' lang='lat' dir='ltr'>haec</span> <span class='ocrx_word' id='word_1_167' title='bbox 1721 1500 1854 1544; x_wconf 71' lang='grc' dir='ltr'>οὐδὲν</span> 
     </span>
     <span class='ocr_line' id='line_1_21' title="bbox 325 1573 1853 1632; baseline -0.003 -14"><span class='ocrx_word' id='word_1_168' title='bbox 325 1581 499 1618; x_wconf 75' lang='grc' dir='ltr'>θᾶσσον</span> <span class='ocrx_word' id='word_1_169' title='bbox 538 1576 825 1631; x_wconf 76' lang='grc' dir='ltr'><em>ξηραίνεσθαι</em></span> <span class='ocrx_word' id='word_1_170' title='bbox 864 1577 1061 1632; x_wconf 80' lang='grc' dir='ltr'><em>δακρύου</em></span> <span class='ocrx_word' id='word_1_171' title='bbox 1100 1590 1207 1631; x_wconf 87' lang='lat' dir='ltr'>quae</span> <span class='ocrx_word' id='word_1_172' title='bbox 1247 1575 1393 1617; x_wconf 87' lang='lat' dir='ltr'>eadem</span> <span class='ocrx_word' id='word_1_173' title='bbox 1433 1575 1478 1616; x_wconf 91' lang='lat' dir='ltr'>in</span> <span class='ocrx_word' id='word_1_174' title='bbox 1511 1573 1719 1629; x_wconf 82' lang='lat' dir='ltr'>Stephani</span> <span class='ocrx_word' id='word_1_175' title='bbox 1759 1574 1853 1615; x_wconf 89' lang='lat' dir='ltr'>the-</span> 
     </span>
     <span class='ocr_line' id='line_1_22' title="bbox 329 1645 1854 1703; baseline -0.003 -13"><span class='ocrx_word' id='word_1_176' title='bbox 329 1645 455 1690; x_wconf 66' lang='lat' dir='ltr'>Sauro</span> <span class='ocrx_word' id='word_1_177' title='bbox 489 1664 519 1690; x_wconf 88' lang='lat' dir='ltr'>s.</span> <span class='ocrx_word' id='word_1_178' title='bbox 546 1663 584 1690; x_wconf 79' lang='lat' dir='ltr'>u,</span> <span class='ocrx_word' id='word_1_179' title='bbox 619 1647 809 1702; x_wconf 78' lang='grc' dir='ltr'><em>ξηραίνω</em></span> <span class='ocrx_word' id='word_1_180' title='bbox 848 1648 974 1690; x_wconf 90' lang='lat' dir='ltr'>hodie</span> <span class='ocrx_word' id='word_1_181' title='bbox 1012 1649 1226 1703; x_wconf 85' lang='lat' dir='ltr'>leguntur.</span> <span class='ocrx_word' id='word_1_182' title='bbox 1290 1646 1407 1696; x_wconf 76' lang='lat' dir='ltr'>Quae</span> <span class='ocrx_word' id='word_1_183' title='bbox 1440 1646 1574 1688; x_wconf 90' lang='lat' dir='ltr'>uerba</span> <span class='ocrx_word' id='word_1_184' title='bbox 1605 1661 1709 1687; x_wconf 87' lang='lat' dir='ltr'>num</span> <span class='ocrx_word' id='word_1_185' title='bbox 1741 1646 1854 1700; x_wconf 88' lang='lat' dir='ltr'>apud</span> 
     </span>
     <span class='ocr_line' id='line_1_23' title="bbox 327 1716 1852 1774; baseline -0.003 -12"><span class='ocrx_word' id='word_1_186' title='bbox 327 1719 536 1762; x_wconf 83' lang='lat' dir='ltr'>Graecum</span> <span class='ocrx_word' id='word_1_187' title='bbox 581 1719 767 1774; x_wconf 89' lang='lat' dir='ltr'>aliquem</span> <span class='ocrx_word' id='word_1_188' title='bbox 813 1719 1066 1774; x_wconf 85' lang='lat' dir='ltr'>scriptorem</span> <span class='ocrx_word' id='word_1_189' title='bbox 1117 1721 1303 1772; x_wconf 81' lang='lat' dir='ltr'>exstent,</span> <span class='ocrx_word' id='word_1_190' title='bbox 1353 1732 1432 1773; x_wconf 87' lang='lat' dir='ltr'>ego</span> <span class='ocrx_word' id='word_1_191' title='bbox 1483 1718 1637 1759; x_wconf 87' lang='lat' dir='ltr'>nescio.</span> <span class='ocrx_word' id='word_1_192' title='bbox 1708 1716 1852 1759; x_wconf 89' lang='lat' dir='ltr'>Facile</span> 
     </span>
     <span class='ocr_line' id='line_1_24' title="bbox 330 1785 1853 1843; baseline -0.003 -10"><span class='ocrx_word' id='word_1_193' title='bbox 330 1794 474 1834; x_wconf 83' lang='lat' dir='ltr'>autem</span> <span class='ocrx_word' id='word_1_194' title='bbox 508 1791 621 1832; x_wconf 89' lang='lat' dir='ltr'>hunc</span> <span class='ocrx_word' id='word_1_195' title='bbox 659 1793 706 1832; x_wconf 92' lang='lat' dir='ltr'>tu</span> <span class='ocrx_word' id='word_1_196' title='bbox 743 1791 945 1832; x_wconf 82' lang='lat' dir='ltr'>restitues</span> <span class='ocrx_word' id='word_1_197' title='bbox 991 1790 1209 1832; x_wconf 90' lang='lat' dir='ltr'>senarium</span> <span class='ocrx_word' id='word_1_198' title='bbox 1254 1793 1430 1831; x_wconf 73' lang='grc' dir='ltr'>θᾶσσον</span> <span class='ocrx_word' id='word_1_199' title='bbox 1473 1789 1556 1843; x_wconf 73' lang='grc' dir='ltr'>γὰρ</span> <span class='ocrx_word' id='word_1_200' title='bbox 1602 1785 1734 1830; x_wconf 78' lang='grc' dir='ltr'>οὐδὲν</span> <span class='ocrx_word' id='word_1_201' title='bbox 1779 1789 1853 1829; x_wconf 81' lang='grc' dir='ltr'>δα-</span> 
     </span>
     <span class='ocr_line' id='line_1_25' title="bbox 327 1858 1854 1917; baseline -0.003 -13"><span class='ocrx_word' id='word_1_202' title='bbox 327 1863 468 1916; x_wconf 76' lang='grc' dir='ltr'><em>κρύου</em></span> <span class='ocrx_word' id='word_1_203' title='bbox 499 1862 760 1917; x_wconf 78' lang='grc' dir='ltr'><em>ξηραίνεται.</em></span> <span class='ocrx_word' id='word_1_204' title='bbox 817 1861 995 1903; x_wconf 87' lang='lat' dir='ltr'>Accedit</span> <span class='ocrx_word' id='word_1_205' title='bbox 1022 1861 1150 1903; x_wconf 88' lang='lat' dir='ltr'>aliud.</span> <span class='ocrx_word' id='word_1_206' title='bbox 1202 1860 1381 1914; x_wconf 82' lang='lat' dir='ltr'>Legitur</span> <span class='ocrx_word' id='word_1_207' title='bbox 1406 1861 1577 1914; x_wconf 88' lang='lat' dir='ltr'>quidem</span> <span class='ocrx_word' id='word_1_208' title='bbox 1610 1860 1662 1901; x_wconf 90' lang='lat' dir='ltr'>ad</span> <span class='ocrx_word' id='word_1_209' title='bbox 1689 1859 1786 1900; x_wconf 89' lang='lat' dir='ltr'>Her.</span> <span class='ocrx_word' id='word_1_210' title='bbox 1813 1858 1854 1899; x_wconf 93' lang='lat' dir='ltr'>II</span> 
     </span>
     <span class='ocr_line' id='line_1_26' title="bbox 328 1930 1854 1988; baseline -0.003 -12"><span class='ocrx_word' id='word_1_211' title='bbox 328 1935 404 1988; x_wconf 67' lang='grc' dir='ltr'>ΞΟ,</span> <span class='ocrx_word' id='word_1_212' title='bbox 430 1934 506 1976; x_wconf 78' lang='lat'>33:</span> <span class='ocrx_word' id='word_1_213' title='bbox 551 1932 677 1974; x_wconf 71' lang='lat' dir='ltr'>‘Item</span> <span class='ocrx_word' id='word_1_214' title='bbox 713 1932 873 1974; x_wconf 88' lang='lat' dir='ltr'>uitiosa</span> <span class='ocrx_word' id='word_1_215' title='bbox 911 1932 1121 1988; x_wconf 85' lang='lat' dir='ltr'>expositio</span> <span class='ocrx_word' id='word_1_216' title='bbox 1160 1934 1245 1986; x_wconf 89' lang='lat' dir='ltr'>est,</span> <span class='ocrx_word' id='word_1_217' title='bbox 1289 1947 1384 1974; x_wconf 91' lang='lat' dir='ltr'>cum</span> <span class='ocrx_word' id='word_1_218' title='bbox 1422 1931 1465 1972; x_wconf 87' lang='lat' dir='ltr'>id</span> <span class='ocrx_word' id='word_1_219' title='bbox 1504 1931 1616 1986; x_wconf 87' lang='lat' dir='ltr'>quod</span> <span class='ocrx_word' id='word_1_220' title='bbox 1658 1945 1754 1972; x_wconf 85' lang='lat' dir='ltr'>raro</span> <span class='ocrx_word' id='word_1_221' title='bbox 1792 1930 1854 1983; x_wconf 89' lang='lat' dir='ltr'>fit,</span> 
     </span>
     <span class='ocr_line' id='line_1_27' title="bbox 328 2001 1852 2060; baseline -0.003 -14"><span class='ocrx_word' id='word_1_222' title='bbox 328 2005 421 2046; x_wconf 88' lang='lat' dir='ltr'>fieri</span> <span class='ocrx_word' id='word_1_223' title='bbox 453 2005 627 2047; x_wconf 89' lang='lat' dir='ltr'>omnino</span> <span class='ocrx_word' id='word_1_224' title='bbox 659 2006 856 2060; x_wconf 86' lang='lat' dir='ltr'>negatur,</span> <span class='ocrx_word' id='word_1_225' title='bbox 889 2004 970 2045; x_wconf 91' lang='lat' dir='ltr'>hoc</span> <span class='ocrx_word' id='word_1_226' title='bbox 1002 2004 1146 2045; x_wconf 88' lang='lat' dir='ltr'>modo:</span> <span class='ocrx_word' id='word_1_227' title='bbox 1179 2002 1317 2045; x_wconf 89' lang='lat' dir='ltr'>Nemo</span> <span class='ocrx_word' id='word_1_228' title='bbox 1351 2004 1497 2057; x_wconf 89' lang='lat' dir='ltr'>potest</span> <span class='ocrx_word' id='word_1_229' title='bbox 1527 2016 1613 2043; x_wconf 90' lang='lat' dir='ltr'>uno</span> <span class='ocrx_word' id='word_1_230' title='bbox 1647 2001 1852 2055; x_wconf 87' lang='lat' dir='ltr'>adspectu</span> 
     </span>
     <span class='ocr_line' id='line_1_28' title="bbox 328 2070 1852 2131; baseline -0.003 -14"><span class='ocrx_word' id='word_1_231' title='bbox 328 2091 462 2131; x_wconf 90' lang='lat' dir='ltr'>neque</span> <span class='ocrx_word' id='word_1_232' title='bbox 488 2075 750 2130; x_wconf 90' lang='lat' dir='ltr'>praeteriens</span> <span class='ocrx_word' id='word_1_233' title='bbox 777 2075 822 2116; x_wconf 88' lang='lat' dir='ltr'>in</span> <span class='ocrx_word' id='word_1_234' title='bbox 849 2089 1038 2116; x_wconf 88' lang='lat' dir='ltr'>amorem</span> <span class='ocrx_word' id='word_1_235' title='bbox 1064 2074 1278 2117; x_wconf 67' lang='lat' dir='ltr'>incidere?</span> <span class='ocrx_word' id='word_1_236' title='bbox 1325 2073 1494 2123; x_wconf 79' lang='lat' dir='ltr'>Quanto</span> <span class='ocrx_word' id='word_1_237' title='bbox 1520 2072 1683 2114; x_wconf 88' lang='lat' dir='ltr'>doctior</span> <span class='ocrx_word' id='word_1_238' title='bbox 1705 2070 1852 2114; x_wconf 87' lang='lat' dir='ltr'>Cicero</span> 
     </span>
     <span class='ocr_line' id='line_1_29' title="bbox 328 2145 1854 2202; baseline -0.003 -14"><span class='ocrx_word' id='word_1_239' title='bbox 328 2147 349 2188; x_wconf 81' lang='lat' dir='ltr'>I</span> <span class='ocrx_word' id='word_1_240' title='bbox 375 2148 444 2202; x_wconf 80' lang='lat'>43,</span> <span class='ocrx_word' id='word_1_241' title='bbox 470 2147 545 2189; x_wconf 81' lang='lat'>80:</span> <span class='ocrx_word' id='word_1_242' title='bbox 583 2146 675 2187; x_wconf 76' lang='lat' dir='ltr'>‘aut</span> <span class='ocrx_word' id='word_1_243' title='bbox 707 2147 743 2187; x_wconf 86' lang='lat' dir='ltr'>si</span> <span class='ocrx_word' id='word_1_244' title='bbox 775 2146 836 2201; x_wconf 84' lang='lat' dir='ltr'>id,</span> <span class='ocrx_word' id='word_1_245' title='bbox 868 2146 983 2201; x_wconf 90' lang='lat' dir='ltr'>quod</span> <span class='ocrx_word' id='word_1_246' title='bbox 1014 2160 1108 2188; x_wconf 90' lang='lat' dir='ltr'>raro</span> <span class='ocrx_word' id='word_1_247' title='bbox 1141 2146 1210 2197; x_wconf 85' lang='lat' dir='ltr'>fit,</span> <span class='ocrx_word' id='word_1_248' title='bbox 1242 2146 1334 2186; x_wconf 89' lang='lat' dir='ltr'>fieri</span> <span class='ocrx_word' id='word_1_249' title='bbox 1368 2145 1542 2187; x_wconf 89' lang='lat' dir='ltr'>omnino</span> <span class='ocrx_word' id='word_1_250' title='bbox 1574 2145 1776 2198; x_wconf 84' lang='lat' dir='ltr'>negatur,</span> <span class='ocrx_word' id='word_1_251' title='bbox 1807 2145 1854 2184; x_wconf 86' lang='lat' dir='ltr'>ut</span> 
     </span>
     <span class='ocr_line' id='line_1_30' title="bbox 331 2216 1852 2272; baseline -0.005 -12"><span class='ocrx_word' id='word_1_252' title='bbox 331 2217 460 2260; x_wconf 89' lang='lat' dir='ltr'>Curio</span> <span class='ocrx_word' id='word_1_253' title='bbox 498 2232 576 2272; x_wconf 91' lang='lat' dir='ltr'>pro</span> <span class='ocrx_word' id='word_1_254' title='bbox 615 2216 786 2258; x_wconf 84' lang='lat' dir='ltr'>Fuluio:</span> <span class='ocrx_word' id='word_1_255' title='bbox 832 2216 969 2258; x_wconf 87' lang='lat' dir='ltr'>Nemo</span> <span class='ocrx_word' id='word_1_256' title='bbox 1007 2219 1154 2271; x_wconf 88' lang='lat' dir='ltr'>potest</span> <span class='ocrx_word' id='word_1_257' title='bbox 1190 2231 1275 2258; x_wconf 90' lang='lat' dir='ltr'>uno</span> <span class='ocrx_word' id='word_1_258' title='bbox 1315 2216 1517 2270; x_wconf 88' lang='lat' dir='ltr'>adspectu</span> <span class='ocrx_word' id='word_1_259' title='bbox 1559 2228 1695 2268; x_wconf 90' lang='lat' dir='ltr'>neque</span> <span class='ocrx_word' id='word_1_260' title='bbox 1733 2227 1852 2268; x_wconf 87' lang='lat' dir='ltr'>prae-</span> 
     </span>
     <span class='ocr_line' id='line_1_31' title="bbox 329 2284 1855 2341; baseline -0.003 -11"><span class='ocrx_word' id='word_1_261' title='bbox 329 2288 485 2330; x_wconf 88' lang='lat' dir='ltr'>teriens</span> <span class='ocrx_word' id='word_1_262' title='bbox 525 2289 570 2329; x_wconf 87' lang='lat' dir='ltr'>in</span> <span class='ocrx_word' id='word_1_263' title='bbox 609 2303 798 2329; x_wconf 85' lang='lat' dir='ltr'>amorem</span> <span class='ocrx_word' id='word_1_264' title='bbox 836 2286 1049 2330; x_wconf 64' lang='lat' dir='ltr'>incidere?</span> <span class='ocrx_word' id='word_1_265' title='bbox 1110 2287 1229 2329; x_wconf 89' lang='lat' dir='ltr'>Tune</span> <span class='ocrx_word' id='word_1_266' title='bbox 1262 2290 1387 2341; x_wconf 89' lang='lat' dir='ltr'>putas</span> <span class='ocrx_word' id='word_1_267' title='bbox 1425 2300 1574 2327; x_wconf 90' lang='lat' dir='ltr'>reuera</span> <span class='ocrx_word' id='word_1_268' title='bbox 1605 2284 1855 2326; x_wconf 84' lang='lat' dir='ltr'>Ciceronem</span> 
     </span>
     <span class='ocr_line' id='line_1_32' title="bbox 330 2356 1853 2413; baseline -0.004 -12"><span class='ocrx_word' id='word_1_269' title='bbox 330 2360 512 2401; x_wconf 89' lang='lat' dir='ltr'>oratoris</span> <span class='ocrx_word' id='word_1_270' title='bbox 551 2362 642 2400; x_wconf 80' lang='lat' dir='ltr'>tam</span> <span class='ocrx_word' id='word_1_271' title='bbox 675 2358 845 2400; x_wconf 87' lang='lat' dir='ltr'>obscuri</span> <span class='ocrx_word' id='word_1_272' title='bbox 877 2359 1114 2399; x_wconf 87' lang='lat' dir='ltr'>orationem</span> <span class='ocrx_word' id='word_1_273' title='bbox 1154 2372 1307 2413; x_wconf 87' lang='lat' dir='ltr'>parum</span> <span class='ocrx_word' id='word_1_274' title='bbox 1339 2357 1549 2398; x_wconf 90' lang='lat' dir='ltr'>celebrem</span> <span class='ocrx_word' id='word_1_275' title='bbox 1581 2356 1626 2396; x_wconf 90' lang='lat' dir='ltr'>in</span> <span class='ocrx_word' id='word_1_276' title='bbox 1660 2356 1853 2408; x_wconf 81' lang='lat' dir='ltr'>exemplo</span> 
     </span>
     <span class='ocr_line' id='line_1_33' title="bbox 330 2427 1855 2484; baseline -0.003 -13"><span class='ocrx_word' id='word_1_277' title='bbox 330 2434 420 2471; x_wconf 84' lang='lat' dir='ltr'>tam</span> <span class='ocrx_word' id='word_1_278' title='bbox 471 2429 657 2484; x_wconf 85' lang='lat' dir='ltr'>simplici</span> <span class='ocrx_word' id='word_1_279' title='bbox 707 2432 750 2470; x_wconf 90' lang='lat' dir='ltr'>et</span> <span class='ocrx_word' id='word_1_280' title='bbox 799 2429 971 2483; x_wconf 88' lang='lat' dir='ltr'>uulgari</span> <span class='ocrx_word' id='word_1_281' title='bbox 1020 2428 1298 2470; x_wconf 85' lang='lat' dir='ltr'>exscribendo</span> <span class='ocrx_word' id='word_1_282' title='bbox 1351 2427 1562 2469; x_wconf 87' lang='lat' dir='ltr'>euoluisse</span> <span class='ocrx_word' id='word_1_283' title='bbox 1612 2440 1855 2480; x_wconf 90' lang='lat' dir='ltr'>nomenque</span> 
     </span>
     <span class='ocr_line' id='line_1_34' title="bbox 331 2496 1854 2554; baseline -0.003 -13"><span class='ocrx_word' id='word_1_284' title='bbox 331 2501 474 2554; x_wconf 87' lang='lat' dir='ltr'>potius</span> <span class='ocrx_word' id='word_1_285' title='bbox 521 2500 763 2542; x_wconf 82' lang='lat' dir='ltr'>addidisse?</span> <span class='ocrx_word' id='word_1_286' title='bbox 826 2500 895 2541; x_wconf 89' lang='lat' dir='ltr'>An</span> <span class='ocrx_word' id='word_1_287' title='bbox 938 2500 980 2542; x_wconf 89' lang='lat' dir='ltr'>id</span> <span class='ocrx_word' id='word_1_288' title='bbox 1026 2500 1116 2542; x_wconf 88' lang='lat' dir='ltr'>ueri</span> <span class='ocrx_word' id='word_1_289' title='bbox 1162 2499 1341 2541; x_wconf 87' lang='lat' dir='ltr'>similius</span> <span class='ocrx_word' id='word_1_290' title='bbox 1381 2501 1463 2552; x_wconf 87' lang='lat' dir='ltr'>est,</span> <span class='ocrx_word' id='word_1_291' title='bbox 1510 2497 1762 2552; x_wconf 86' lang='lat' dir='ltr'>scriptorem</span> <span class='ocrx_word' id='word_1_292' title='bbox 1801 2496 1854 2538; x_wconf 91' lang='lat' dir='ltr'>ad</span> 
     </span>
     <span class='ocr_line' id='line_1_35' title="bbox 331 2568 1852 2624; baseline -0.003 -11"><span class='ocrx_word' id='word_1_293' title='bbox 331 2571 432 2614; x_wconf 91' lang='lat' dir='ltr'>Her.</span> <span class='ocrx_word' id='word_1_294' title='bbox 458 2571 606 2615; x_wconf 88' lang='lat' dir='ltr'>eodem</span> <span class='ocrx_word' id='word_1_295' title='bbox 632 2586 757 2612; x_wconf 81' lang='lat' dir='ltr'>usum</span> <span class='ocrx_word' id='word_1_296' title='bbox 784 2585 875 2613; x_wconf 88' lang='lat' dir='ltr'>esse</span> <span class='ocrx_word' id='word_1_297' title='bbox 902 2573 1074 2613; x_wconf 85' lang='lat' dir='ltr'>auctore</span> <span class='ocrx_word' id='word_1_298' title='bbox 1101 2569 1256 2612; x_wconf 87' lang='lat' dir='ltr'>Latino</span> <span class='ocrx_word' id='word_1_299' title='bbox 1288 2584 1369 2624; x_wconf 85' lang='lat' dir='ltr'>quo</span> <span class='ocrx_word' id='word_1_300' title='bbox 1397 2568 1556 2622; x_wconf 88' lang='lat' dir='ltr'>Cicero,</span> <span class='ocrx_word' id='word_1_301' title='bbox 1591 2568 1664 2609; x_wconf 88' lang='lat' dir='ltr'>sed</span> <span class='ocrx_word' id='word_1_302' title='bbox 1696 2581 1852 2609; x_wconf 89' lang='lat' dir='ltr'>nomen</span> 
     </span>
     <span class='ocr_line' id='line_1_36' title="bbox 332 2639 1853 2696; baseline -0.004 -12"><span class='ocrx_word' id='word_1_303' title='bbox 332 2643 515 2684; x_wconf 86' lang='lat' dir='ltr'>oratoris</span> <span class='ocrx_word' id='word_1_304' title='bbox 559 2642 676 2683; x_wconf 89' lang='lat' dir='ltr'>illius</span> <span class='ocrx_word' id='word_1_305' title='bbox 723 2641 948 2684; x_wconf 81' lang='lat' dir='ltr'>omisisse?</span> <span class='ocrx_word' id='word_1_306' title='bbox 1012 2640 1141 2683; x_wconf 85' lang='lat' dir='ltr'>Cuius</span> <span class='ocrx_word' id='word_1_307' title='bbox 1182 2641 1224 2682; x_wconf 88' lang='lat' dir='ltr'>id</span> <span class='ocrx_word' id='word_1_308' title='bbox 1263 2641 1490 2696; x_wconf 87' lang='lat' dir='ltr'>praecipue</span> <span class='ocrx_word' id='word_1_309' title='bbox 1532 2639 1750 2693; x_wconf 90' lang='lat' dir='ltr'>proprium</span> <span class='ocrx_word' id='word_1_310' title='bbox 1789 2642 1853 2679; x_wconf 84' lang='lat' dir='ltr'>est</span> 
     </span>
     <span class='ocr_line' id='line_1_37' title="bbox 334 2708 1852 2766; baseline -0.004 -11"><span class='ocrx_word' id='word_1_311' title='bbox 334 2717 379 2754; x_wconf 85' lang='lat' dir='ltr'>ut</span> <span class='ocrx_word' id='word_1_312' title='bbox 405 2714 581 2755; x_wconf 89' lang='lat' dir='ltr'>nomina</span> <span class='ocrx_word' id='word_1_313' title='bbox 607 2713 781 2755; x_wconf 89' lang='lat' dir='ltr'>omittat</span> <span class='ocrx_word' id='word_1_314' title='bbox 807 2713 874 2754; x_wconf 89' lang='lat' dir='ltr'>uel</span> <span class='ocrx_word' id='word_1_315' title='bbox 909 2712 1150 2766; x_wconf 86' lang='lat' dir='ltr'>supprimat</span> <span class='ocrx_word' id='word_1_316' title='bbox 1181 2711 1316 2753; x_wconf 89' lang='lat' dir='ltr'>ueluti</span> <span class='ocrx_word' id='word_1_317' title='bbox 1348 2712 1393 2752; x_wconf 89' lang='lat' dir='ltr'>in</span> <span class='ocrx_word' id='word_1_318' title='bbox 1425 2711 1520 2752; x_wconf 92' lang='lat' dir='ltr'>loco</span> <span class='ocrx_word' id='word_1_319' title='bbox 1553 2710 1628 2750; x_wconf 88' lang='lat' dir='ltr'>illo</span> <span class='ocrx_word' id='word_1_320' title='bbox 1661 2708 1682 2749; x_wconf 94' lang='lat' dir='ltr'>I</span> <span class='ocrx_word' id='word_1_321' title='bbox 1711 2708 1852 2762; x_wconf 86' lang='lat'>11,18</span> 
     </span>
     <span class='ocr_line' id='line_1_38' title="bbox 334 2779 1851 2838; baseline -0.003 -14"><span class='ocrx_word' id='word_1_322' title='bbox 334 2799 461 2837; x_wconf 86' lang='lat' dir='ltr'>supra</span> <span class='ocrx_word' id='word_1_323' title='bbox 494 2799 533 2838; x_wconf 88' lang='lat' dir='ltr'>p.</span> <span class='ocrx_word' id='word_1_324' title='bbox 564 2784 646 2825; x_wconf 78' lang='lat'>122</span> <span class='ocrx_word' id='word_1_325' title='bbox 678 2786 864 2826; x_wconf 85' lang='lat' dir='ltr'>tractato</span> <span class='ocrx_word' id='word_1_326' title='bbox 895 2783 1041 2825; x_wconf 89' lang='lat' dir='ltr'>omisit</span> <span class='ocrx_word' id='word_1_327' title='bbox 1072 2798 1228 2824; x_wconf 88' lang='lat' dir='ltr'>nomen</span> <span class='ocrx_word' id='word_1_328' title='bbox 1256 2782 1562 2837; x_wconf 81' lang='lat' dir='ltr'>Hermagorae,</span> <span class='ocrx_word' id='word_1_329' title='bbox 1595 2779 1708 2834; x_wconf 84' lang='lat' dir='ltr'>quod</span> <span class='ocrx_word' id='word_1_330' title='bbox 1741 2782 1851 2820; x_wconf 89' lang='lat' dir='ltr'>recte</span> 
     </span>
     <span class='ocr_line' id='line_1_39' title="bbox 335 2851 1851 2909; baseline -0.003 -14"><span class='ocrx_word' id='word_1_331' title='bbox 335 2858 473 2896; x_wconf 80' lang='lat' dir='ltr'>exstat</span> <span class='ocrx_word' id='word_1_332' title='bbox 508 2855 620 2909; x_wconf 88' lang='lat' dir='ltr'>apud</span> <span class='ocrx_word' id='word_1_333' title='bbox 650 2854 911 2908; x_wconf 83' lang='lat' dir='ltr'>Ciceronem,</span> <span class='ocrx_word' id='word_1_334' title='bbox 945 2854 1167 2909; x_wconf 82' lang='lat' dir='ltr'>supposito</span> <span class='ocrx_word' id='word_1_335' title='bbox 1201 2853 1410 2895; x_wconf 91' lang='lat' dir='ltr'>uocabulo</span> <span class='ocrx_word' id='word_1_336' title='bbox 1442 2852 1519 2892; x_wconf 72' lang='lat' dir='ltr'>alii</span> <span class='ocrx_word' id='word_1_337' title='bbox 1551 2851 1654 2892; x_wconf 84' lang='lat' dir='ltr'>satis</span> <span class='ocrx_word' id='word_1_338' title='bbox 1689 2851 1851 2904; x_wconf 86' lang='lat' dir='ltr'>inepte:</span> 
     </span>
    </p>
   </div>
  </div>
 </body>
</html>
