2003 3116
666 165 1034 198 PROLEGOMENA.
1553 163 1608 203 39

91 274 127 315 si
171 273 340 328 quidem
392 287 442 314 ea
492 288 599 328 quae
649 272 809 314 tradita
859 274 958 313 sunt
1006 273 1113 313 bene
1164 273 1353 327 possunt
1402 271 1609 326 intellegi.

90 343 257 386 Similia
288 344 334 385 in
365 344 598 400 archetypo
632 358 709 386 suo
741 344 963 385 inuenerat
995 343 1212 398 adscripta
1244 342 1462 384 Leidensis
1493 343 1610 383 tertii

88 416 289 457 librarius
323 415 394 469 qui
426 415 514 456 m.1
548 414 654 456 haec
686 414 836 455 habet:
867 415 1184 468 uituperationis
1214 417 1260 454 ut
1290 414 1335 454 in
1367 414 1506 455 odium
1537 416 1612 455 aut

87 487 295 529 inuidiam
320 489 394 528 aut
416 486 462 527 in
486 486 827 538 contemptionem.
879 486 931 529 Ut
953 486 999 526 in
1024 486 1162 526 odium
1188 484 1365 526 adducat
1394 484 1465 527 leoc
1494 485 1610 528 m'odo

90 557 249 612 omisso
281 557 394 611 quod
427 570 554 610 saepe
585 556 629 596 in
661 556 909 597 lacunarum
943 556 996 597 ob
1030 555 1375 597 homoeoteleuta
1413 559 1609 598 natarum

89 627 401 683 supplementis
439 626 600 668 factum
639 640 731 668 esse
770 629 921 680 postea.
958 626 1198 667 uidebimus
1232 627 1366 668 altero
1399 627 1608 670 uocabulo

87 699 273 741 adducat.
336 696 423 740 Sub
456 697 584 738 finem
617 697 806 738 eiusdem
840 697 1101 752 paragraphi
1133 703 1178 738 M
1212 696 1364 738 habuit
1395 698 1546 740 claritat
1575 702 1611 740 et

86 771 239 812 deierat
268 772 306 810 et
334 769 603 811 contemnitur
633 769 737 810 sieut
767 768 840 810 ubi
867 768 939 810 bld
967 771 1081 810 recte
1108 783 1184 822 pro
1216 769 1321 810 sicut
1349 768 1510 810 habent
1540 771 1608 813 sic.

89 840 341 882 Rectissime
379 839 580 881 librarius
614 839 835 894 archetypi
868 839 988 881 codd.
1020 839 1293 880 Leidensium
1330 840 1448 881 cuius
1481 841 1607 882 lectio

86 914 151 953 est
181 911 226 952 in
260 911 285 952 d
318 913 360 953 et
399 911 444 952 in
476 910 672 952 Leidensi
707 912 733 953 3
771 935 816 940 —
854 911 898 952 in
936 911 1146 952 Beruensi
1183 910 1269 951 469
1310 910 1421 951 inter
1460 925 1608 954 uersus

86 982 303 1037 adscripta
334 982 490 1037 legitur
525 1007 574 1012 —
611 982 790 1023 inseruit
821 983 953 1023 uerba
985 985 1031 1023 ut
1062 982 1106 1023 in
1138 982 1467 1034 contemptionem
1501 998 1607 1037 quae

85 1067 370 1108 agnoscamus
411 1055 582 1107 oportet
620 1053 663 1094 in
703 1053 915 1107 corruptis
954 1053 1040 1094 illis
1079 1056 1115 1094 ct
1146 1054 1413 1094 contcnmttm·
1448 1053 1607 1095 collato

83 1123 104 1165 I
130 1123 169 1175 5,
195 1124 220 1166 8
254 1139 390 1179 neque
423 1125 649 1179 quicquam
684 1124 825 1166 differt
853 1124 964 1178 quod
990 1123 1210 1165 Leidensis
1239 1124 1264 1164 3
1297 1126 1410 1165 recte
1438 1125 1607 1178 quidem

85 1194 232 1237 omisit
263 1198 300 1237 et
328 1197 608 1249 contem-nitur,
641 1195 759 1237 addit
786 1197 962 1237 adducat
994 1210 1076 1249 quo
1105 1210 1211 1250 opus
1237 1210 1322 1236 non
1349 1198 1426 1247 est,
1460 1210 1555 1236 cum
1583 1196 1607 1236 d

83 1266 240 1308 habeat
276 1270 313 1308 et
342 1267 648 1321 contempnitur.
698 1268 744 1308 in
775 1268 1105 1320 contemptiomm
1135 1267 1204 1309 sic.
1266 1266 1378 1307 Nam
1412 1267 1526 1307 uiam
1560 1282 1607 1308 ac

83 1337 297 1379 rationem
336 1338 650 1380 emendationis
692 1341 805 1380 recte
846 1338 1047 1379 librarius
1087 1338 1158 1379 ille
1200 1338 1426 1392 perspexit.
1489 1338 1605 1380 Haec

82 1408 177 1451 ideo
217 1423 295 1451 nos
336 1409 578 1451 accuratius
617 1410 977 1464 pertractauimus
1017 1424 1099 1464 quo
1138 1410 1276 1464 magis
1323 1412 1607 1464 cognoscatur

83 1479 278 1522 homines
311 1480 439 1522 medii
473 1480 568 1522 aeui
601 1481 733 1522 libros
774 1496 873 1522 suos
911 1496 998 1522 non
1039 1470 1205 1534 semper
1245 1481 1380 1522 inuita
1412 1480 1606 1522 Minerua

84 1565 256 1593 curasse
289 1551 593 1593 emendandos:
632 1554 852 1607 praeterea
887 1552 969 1594 loci
1001 1552 1066 1593 illi
1099 1552 1149 1593 de
1183 1551 1336 1606 quibus
1370 1551 1605 1606 disputaui-

84 1637 177 1664 mus
211 1625 253 1664 et
285 1622 478 1665 difficiles
512 1626 555 1665 et
588 1624 742 1665 summi
775 1638 867 1665 esse
899 1623 982 1664 uisi
1015 1625 1114 1664 sunt
1146 1623 1361 1664 momenti.

200 1693 340 1736 Homo
380 1695 451 1736 ille
490 1694 682 1749 quisquis
720 1693 803 1736 fuit
836 1694 906 1749 qui
948 1709 1053 1736 saec.
1082 1694 1168 1735 fere
1201 1693 1286 1735 XII
1326 1695 1604 1749 archetypum

83 1765 202 1807 codd.
228 1772 263 1806 Ε
296 1766 535 1820 composuit
573 1766 625 1807 ad
657 1780 815 1808 nouam
847 1766 967 1807 illam
1003 1765 1211 1807 librorum
1246 1765 1298 1806 ad
1331 1764 1429 1806 Her.
1462 1780 1603 1807 recen-

84 1837 248 1878 sionem
281 1837 584 1879 conficiendam
617 1836 753 1878 tribus
780 1852 881 1878 usus
909 1839 973 1878 est
1000 1837 1220 1878 subsidiis:
1253 1836 1394 1878 codice
1421 1837 1604 1891 quodam

81 1908 232 1950 classis
270 1914 316 1949 M
357 1908 499 1950 codice
544 1908 619 1950 illo
662 1908 881 1962 deperdito
923 1908 1093 1962 integro
1136 1908 1223 1949 suis
1266 1908 1520 1949 coniecturis
1562 1914 1603 1949 et

81 1979 462 2021 emendationibus.
524 1979 798 2034 Iniquissime
840 1979 890 2020 de
931 1979 1012 2021 hac
1054 1979 1171 2020 codd.
1209 1979 1453 2021 recensione
1497 1980 1601 2021 iudi-

82 2052 196 2094 cauit
229 2049 464 2093 CHalmius
495 2051 604 2093 Mus.
636 2050 770 2092 Rhen.
797 2050 877 2092 XV
911 2066 950 2104 p.
979 2050 1063 2091 536
1080 2065 1193 2105 seqq.
1228 2066 1351 2105 quein
1384 2050 1508 2093 facile
1540 2066 1601 2092 re-

81 2123 279 2165 futarunt
305 2121 596 2177 LSpengelius
623 2123 648 2163 l.
676 2137 707 2164 s,
733 2121 835 2163 XVI
867 2137 905 2175 p.
933 2121 1018 2163 396
1035 2136 1149 2175 seqq.
1198 2121 1219 2162 Ι
1247 2121 1296 2163 de
1322 2122 1601 2164 Destinonius

80 2194 130 2235 de
169 2193 286 2236 codd.
319 2192 703 2235 Cornificianorum
741 2193 904 2234 ratione
938 2192 1018 2233 Kil.
1050 2192 1163 2234 1874
1195 2193 1286 2235 alii:
1325 2207 1403 2248 ego
1436 2193 1480 2234 in
1520 2194 1601 2234 sin-

81 2265 204 2321 gulos
243 2279 376 2306 annos
414 2263 549 2319 pluris
589 2263 716 2305 didici
757 2264 984 2305 aestimare
1021 2263 1226 2305 lectiones
1260 2264 1327 2305 illi
1364 2265 1601 2306 recensioni

79 2334 288 2390 proprias.
352 2333 459 2377 Cum
511 2350 611 2377 uero
656 2335 786 2376 homo
832 2334 904 2376 ille
953 2334 1158 2376 lectiones
1202 2349 1339 2377 nouas
1385 2336 1600 2377 ueteribus

79 2407 238 2449 codicis
259 2406 374 2448 illius
394 2406 535 2448 mutili
564 2405 915 2461 superscripserit
940 2406 1101 2447 factum
1128 2410 1194 2448 est
1222 2409 1270 2448 ut
1302 2407 1345 2448 in
1378 2406 1495 2449 codd.
1518 2407 1601 2448 bld

79 2479 205 2520 modo
250 2478 375 2520 lectio
422 2477 646 2519 emendata
691 2477 817 2518 modo
862 2480 1033 2518 uetusta
1076 2478 1152 2518 illa
1196 2478 1345 2520 classis
1382 2486 1429 2521 Μ
1471 2479 1599 2521 modo

79 2552 259 2604 utraque
298 2551 468 2590 seruata
507 2549 579 2590 sit:
620 2548 769 2590 deinde
809 2549 932 2590 facile
972 2549 1125 2590 accidit
1162 2552 1210 2590 ut
1247 2549 1292 2590 in
1330 2550 1492 2592 lacunis
1532 2565 1598 2592 ex-

80 2621 245 2676 plendis
278 2620 384 2662 locis
418 2620 630 2674 corruptis
664 2619 939 2661 emendandis
972 2634 1155 2674 magnae
1187 2621 1338 2662 turbae
1366 2622 1601 2663 existerent

81 2692 309 2734 uerborum
343 2691 649 2733 omissionibus
682 2694 725 2731 et
757 2690 1151 2732 transiectionibus.
1201 2690 1348 2732 Veluti
1379 2691 1422 2732 II
1447 2692 1516 2746 24,
1543 2693 1596 2734 37

77 2764 121 2805 in
143 2762 261 2805 editt.
284 2765 396 2804 recte
417 2762 574 2817 legitur
598 2763 668 2803 sed
691 2764 906 2803 extenuata
926 2762 1084 2803 vatione
1103 2762 1292 2814 &positio
1319 2762 1598 2816 confirmatur.

78 2834 184 2876 Item
220 2835 392 2887 infirma
423 2834 530 2874 ratio
561 2835 619 2874 est
655 2847 688 2874 e.
721 2847 757 2886 q.
791 2847 823 2874 s.
885 2831 987 2874 Cod.
1018 2838 1064 2874 M
1095 2832 1246 2874 habuit
1283 2834 1353 2875 sed
1382 2837 1598 2876 extenuata

77 2907 184 2948 ratio
222 2909 278 2948 est
315 2920 412 2947 cum
448 2904 619 2958 lacuna,
660 2919 767 2958 quae
806 2904 1017 2958 quomodo
1055 2906 1160 2946 nata
1198 2905 1255 2946 sit
1293 2905 1432 2960 quiuis
1471 2904 1597 2948 facile

1626 1693 1669 1716 De
1689 1695 1812 1719 auctore
1833 1701 1875 1719 re-

1650 1729 1801 1754 censionis
1821 1729 1851 1755 E.
