2003 3116
697 119 1069 156 PROLEGOMENA.
1567 116 1647 157 157

129 249 220 276 sese
252 233 465 289 corrigere
503 246 630 288 posse
662 230 904 274 confidebat
941 244 1025 284 qua
1057 230 1205 270 auctor
1239 226 1426 269 Graecus
1459 226 1564 268 artis
1597 226 1650 266 ad

128 305 227 347 Her.
255 303 563 359 Hermagorae.
612 301 740 358 Nam,
765 304 814 343 ut
838 300 969 343 refert
995 298 1171 349 Quintil.
1192 298 1257 340 III
1279 299 1317 353 6,
1336 299 1406 352 47,
1432 297 1653 352 equattuor

128 376 229 418 fecit
267 376 515 418 Athenaeus
560 373 883 430 προτρεπτικὴν
923 371 1078 413 στάσιν
1114 370 1183 412 uel
1221 370 1565 425 παρορμητικήν,
1610 368 1652 409 id

129 450 195 490 est
221 447 556 501 exhortatiuum,
583 447 656 502 qui
682 444 902 487 suasoriae
929 445 994 485 est
1019 442 1235 497 proprius:
1269 442 1541 495 συντελικήν,
1570 454 1655 494 qua

130 520 417 562 coniecturam
450 517 684 572 significari
713 549 722 558 .
752 549 760 557 .
787 550 795 558 .
823 516 1022 570 apparet,
1059 512 1400 565 ὑπαλλακτικήν,
1433 527 1482 553 ea
1514 511 1653 553 finitio

131 592 208 644 est,
240 589 476 631 mutatione
509 588 622 629 enim
654 587 842 629 nominis
875 587 1057 640 constat,
1088 583 1371 625 iuridicialem
1403 584 1549 625 eadem
1582 597 1654 637 ap-

131 660 366 716 pellatione
403 658 566 701 Graeca
605 673 688 714 qua
727 657 856 700 ceteri
892 671 1007 698 usus.
1071 655 1180 697 Sunt
1218 655 1289 710 qui
1328 655 1656 708 ὑπαλλακτικήν

131 731 460 774 translationem
501 744 594 772 esse
636 726 904 771 existiment'
937 743 969 769 e.
996 742 1035 782 q.
1062 742 1092 768 s.
1155 725 1346 775 Quorum
1389 729 1474 767 tres
1519 728 1656 767 status

131 803 245 844 idem
275 802 339 842 illi
367 804 466 843 sunt
493 815 600 856 quos
627 799 843 842 Antonius
875 799 994 841 fecit:
1027 800 1226 853 quartum
1260 797 1385 838 illum
1418 798 1489 852 qui
1521 796 1657 838 ὑπαλ-

132 873 312 927 λακτική
349 873 611 927 appellatur,
651 886 778 927 quem
816 870 974 912 rectius
1014 884 1039 911 a
1070 868 1289 911 nonnullis
1328 869 1658 910 translationem

134 959 225 987 esse
253 944 489 985 existimari
516 944 715 998 arbitror,
748 942 896 984 eodem
922 941 1049 984 modo
1076 940 1292 982 Antonius
1321 940 1506 981 remouit
1533 940 1659 982 sicuti

131 1015 195 1057 illi
223 1015 295 1070 qui
326 1015 371 1056 in
397 1014 669 1070 Hermagora
700 1015 812 1056 hunc
846 1015 1007 1055 statum
1041 1011 1405 1067 reprehenderunt
1435 1014 1546 1052 teste
1574 1010 1658 1054 Cic.

134 1087 184 1128 de
218 1087 300 1128 inu.
327 1086 348 1128 I
379 1087 445 1141 11,
474 1087 527 1128 16
560 1087 605 1127 in
637 1086 791 1141 quibus
825 1087 917 1128 erat
947 1085 1134 1127 Graecus
1170 1086 1318 1126 auctor
1351 1083 1573 1137 scriptoris
1608 1083 1660 1124 ad

132 1158 232 1200 Her.
254 1157 293 1211 (I
318 1159 382 1213 11,
405 1157 479 1215 18)
510 1157 808 1200 Fortunatiani
840 1156 977 1211 (ΚΒΜ
1003 1172 1041 1211 p.
1063 1156 1131 1211 89,
1152 1153 1227 1211 30)
1260 1154 1428 1196 Albucii
1456 1153 1660 1210 (Quintil.

132 1228 199 1271 III
229 1230 268 1284 6,
294 1228 383 1285 62).

256 1300 400 1356 Atque
427 1300 462 1342 si
491 1315 742 1356 quaeremus
764 1300 838 1341 ubi
859 1301 1072 1341 terrarum
1092 1301 1206 1340 artes
1228 1298 1327 1339 illae
1349 1298 1455 1339 duae
1477 1297 1662 1339 Graecae

135 1375 263 1414 natae
295 1371 454 1414 fuerint
481 1387 585 1427 quas
613 1371 759 1414 eodem
793 1371 885 1412 loco
913 1370 1130 1413 confectas
1161 1369 1294 1411 fuisse
1322 1384 1453 1423 supra
1479 1369 1661 1410 diximus

134 1459 174 1499 p.
204 1444 300 1497 123,
333 1443 462 1485 certis
495 1443 628 1497 signis
661 1443 723 1484 uti
756 1442 905 1484 licebit
937 1441 990 1484 ad
1022 1441 1132 1482 hanc
1163 1441 1460 1495 quaestionem
1495 1440 1662 1482 soluen-

136 1515 245 1558 dam.
308 1514 502 1556 Primum
542 1514 591 1555 de
624 1513 840 1556 Ciceronis
874 1513 995 1554 libris
1030 1512 1111 1554 erit
1147 1512 1373 1566 agendum.
1437 1511 1517 1561 Qui
1551 1511 1663 1565 quod

135 1586 158 1628 I
183 1587 253 1641 56,
283 1586 365 1628 109
392 1585 617 1640 Apollonii
646 1584 802 1626 Rhodii
829 1584 988 1626 dictum
1022 1583 1127 1625 illud
1158 1583 1208 1624 de
1243 1598 1326 1638 quo
1362 1598 1490 1637 supra
1523 1582 1664 1637 dispu-

136 1658 324 1699 tauimus
357 1672 395 1712 p.
425 1657 509 1699 124
541 1656 689 1698 attulit
722 1655 833 1710 quod
866 1655 977 1696 idem
1011 1653 1229 1695 inuenitur
1262 1654 1306 1695 in
1339 1654 1450 1695 libro
1484 1653 1536 1695 ad
1563 1652 1664 1695 Her.

138 1729 358 1771 subtracto
385 1728 572 1770 auctoris
599 1727 784 1782 nomine,
813 1726 856 1768 id
877 1728 989 1768 certe
1010 1740 1089 1768 nos
1118 1725 1170 1767 ad
1191 1724 1389 1766 Rhodum
1411 1725 1583 1766 deducit
1604 1725 1664 1766 in-

139 1801 275 1842 sulam
297 1800 619 1842 celeberrimam
641 1799 883 1840 litterarum
906 1797 1048 1839 sedem
1070 1799 1112 1838 et
1132 1796 1354 1838 nutricem.
1405 1795 1544 1838 Hodie
1567 1799 1666 1837 sunt

139 1872 213 1927 qui
243 1872 332 1914 fere
365 1872 511 1914 omnia
543 1870 749 1913 eiusmodi
783 1870 924 1911 studia
951 1869 1161 1924 Pergamo
1192 1868 1457 1909 arbitrentur
1483 1867 1665 1909 Romam

139 1958 232 1986 esse
265 1942 484 1986 arcessita:
526 1942 600 1984 illo
633 1956 735 1984 uero
774 1943 967 1996 tempore
1000 1940 1258 1995 Pergamum
1291 1939 1385 1994 quis
1426 1938 1665 1980 studiorum

141 2029 270 2057 causa
289 2015 461 2070 petierit
483 2028 567 2055 non
582 2013 767 2067 inuenio,
796 2012 938 2053 Rhodi
959 2011 1116 2052 litteris
1146 2009 1301 2051 eruditi
1322 2024 1414 2051 esse
1444 2009 1666 2064 perhiben-

141 2089 212 2128 tur
244 2084 385 2140 Scipio
420 2085 687 2127 Aemilianus
728 2083 833 2139 (Cic.
866 2083 916 2124 de
948 2097 1034 2136 rep.
1068 2080 1130 2122 HI
1165 2082 1232 2132 35,
1260 2079 1349 2136 48),
1381 2080 1427 2129 Q.
1455 2079 1663 2123 Scaeuola

143 2156 213 2213 (de
246 2172 306 2200 or.
338 2156 358 2197 I
395 2156 460 2210 17,
493 2155 585 2212 75),
628 2156 674 2205 Q.
707 2154 908 2195 Metellus
941 2152 1194 2194 Numidicus
1228 2167 1323 2193 cum
1358 2150 1523 2192 Stilone
1557 2150 1666 2205 (Liu.

141 2243 229 2283 per.
250 2227 338 2284 69),
365 2226 453 2269 Ser.
474 2225 687 2281 Sulpicius
709 2224 816 2281 (Cic.
837 2223 957 2266 Brut.
976 2224 1046 2278 41,
1062 2223 1181 2278 151),
1208 2222 1261 2264 M.
1283 2222 1500 2264 Antonius
1523 2224 1669 2264 orator

144 2299 215 2355 (de
243 2314 303 2342 or.
327 2297 372 2340 II
401 2299 438 2351 1,
457 2298 516 2352 3),
550 2296 699 2339 Cicero
727 2296 820 2351 ipse
848 2294 989 2351 (Brut.
1015 2295 1084 2349 91,
1105 2293 1222 2348 316),
1255 2293 1311 2335 Μ.
1335 2293 1495 2335 Brutus
1525 2291 1667 2349 (Auct.

144 2371 193 2413 de
214 2371 293 2413 uir.
306 2370 460 2412 illustr.
475 2369 543 2422 82,
558 2367 615 2423 1),
636 2367 681 2410 C.
698 2366 870 2409 Cassius
893 2364 995 2422 (Dio
1018 2364 1136 2407 Cass.
1158 2364 1323 2406 XLVII
1339 2362 1428 2420 33),
1449 2362 1525 2406 Cn.
1547 2364 1667 2405 Pom-

143 2443 263 2497 peius
297 2440 427 2496 (Plut.
452 2440 600 2494 Pomp.
625 2437 722 2494 42),
761 2437 806 2481 C.
832 2436 990 2479 Caesar
1022 2435 1214 2493 (Sueton.
1243 2435 1361 2477 Caes.
1387 2434 1454 2492 4),
1493 2435 1541 2476 T.
1568 2434 1669 2476 Tor-

146 2515 300 2568 quatus
333 2510 436 2567 (Cic.
458 2510 577 2553 Brut.
606 2511 674 2561 70,
695 2507 814 2565 245),
847 2508 904 2550 M.
930 2507 1150 2549 Fauonius
1177 2506 1251 2563 (ad
1277 2506 1368 2548 Att.
1389 2506 1431 2548 ΙΙ
1454 2508 1490 2560 1,
1511 2504 1556 2562 9)
1585 2506 1669 2547 alii.

145 2583 302 2625 Rhodii
339 2583 458 2624 fuere
497 2581 724 2623 clarissimi
764 2580 879 2621 orbis
918 2582 1129 2620 terrarum
1168 2578 1240 2633 qui
1279 2578 1364 2619 illis
1401 2577 1670 2632 temporibus

147 2655 346 2696 uixerunt
377 2653 639 2694 litteratores
672 2651 902 2693 Panaetius
934 2649 1191 2691 Posidonius
1223 2648 1388 2691 Hecato
1420 2647 1670 2703 philosophi

147 2725 404 2780 Apollonius
442 2723 465 2766 ὁ
500 2723 692 2778 μαλακός
731 2725 773 2763 et
806 2721 1063 2776 Apollonius
1095 2720 1282 2763 Molonis
1320 2720 1435 2760 filius
1475 2718 1669 2760 rhetores

149 2811 274 2852 quem
308 2811 332 2837 a
363 2798 484 2851 patre
518 2808 758 2850 cognomen
789 2793 935 2835 Ilsolooz
966 2793 1135 2834 duxisse
1168 2807 1263 2833 cum
1296 2790 1368 2832 alii
1401 2792 1493 2831 tum
1525 2788 1672 2830 Fabri-

150 2868 238 2910 cius
283 2867 482 2910 biblioth.
521 2865 667 2908 Graec.
704 2863 767 2907 IV
807 2880 845 2919 p.
873 2864 958 2906 273
997 2863 1095 2906 edit.
1135 2861 1325 2905 Harless.
1368 2861 1669 2904 Norrmannus
