2003 3116
685 115 1053 149 PROLEGOMENA.
1553 111 1570 150 1
1585 111 1632 151 11

114 225 351 281 impudicas
389 225 521 267 fuisse
561 224 672 280 quod
710 239 846 279 nuper
883 224 1206 279 pronuntiatum
1244 225 1310 264 est
1349 222 1468 263 nullo
1508 224 1636 276 pacto

115 297 276 352 poterit
309 299 383 338 aut
413 296 588 351 probari
621 298 695 337 aut
726 296 899 337 omnino
932 295 1056 337 credi.

231 369 276 420 2)
315 369 452 423 Χρεία
485 382 590 422 quae
625 367 821 422 exemplo
853 367 1028 422 egregio
1062 382 1087 407 a
1119 366 1327 420 scriptore
1361 367 1541 407 ornatur
1572 363 1635 405 IV

112 440 183 493 44,
210 439 265 480 56
282 453 417 493 seqq.:
451 439 563 494 quod
590 452 723 493 genus
750 438 1066 480 exercitationis
1092 437 1180 479 fere
1209 437 1320 478 idem
1354 438 1419 478 est
1445 436 1557 491 quod
1584 436 1636 477 ad

113 509 214 551 Her.
234 509 297 551 IV
321 510 390 563 42,
411 508 467 550 54
494 510 735 564 appellatur
761 509 980 564 expolitio,
1006 509 1051 549 in
1071 523 1156 564 qua
1181 508 1434 562 explicanda
1453 507 1637 562 scriptor

115 583 157 622 et
198 580 340 622 chrias
375 580 583 621 meminit.
646 579 808 628 Quibus
851 580 967 621 addit
1005 580 1111 621 haec
1152 579 1213 621 IV
1240 580 1314 633 44,
1341 579 1415 622 58:
1466 578 1533 620 <In
1568 578 1636 619 his

115 651 251 707 igitur
289 651 518 706 generibus
558 651 763 706 expolitio
796 653 1010 706 uersatur,
1049 650 1098 691 de
1132 665 1216 706 qua
1249 649 1448 706 producti
1480 664 1637 703 311111113,

112 724 160 763 ut
198 723 321 776 plura
366 720 618 776 diceremus,
656 721 770 777 quod
807 737 893 764 non
932 721 1057 763 modo
1098 737 1194 763 cum
1232 736 1405 763 causam
1444 721 1637 775 dicimus,

113 793 290 835 adiuuat
329 796 372 834 et
411 795 590 835 exornat
629 794 887 848 orationem,
929 793 1002 834 sed
1042 793 1178 834 multo
1219 793 1402 834 maxime
1435 808 1510 848 per
1543 807 1636 834 eain

117 879 360 906 exercemur
391 865 443 906 ad
476 865 729 907 elocutionis
762 864 1024 906 facultatem.
1079 864 1218 913 Quare
1251 865 1480 906 conueniet
1518 867 1638 905 extra

111 950 285 978 causam
322 937 368 977 in
406 935 638 978 exercendo
678 936 868 978 rationes
909 935 1110 977 adhibere
1150 934 1440 989 expolitionis'
1480 949 1513 976 e.
1541 949 1578 989 q.
1607 950 1637 975 3.

233 1005 278 1063 3)
317 1008 483 1056 Κοινὸς
524 1009 672 1057 τόποςε
715 1007 759 1048 id
802 1009 865 1049 est
907 1007 1185 1062 amplificatio
1226 1021 1301 1061 per
1341 1007 1482 1048 locum
1523 1020 1636 1047 Com-

113 1093 284 1120 munem
315 1077 359 1120 II
390 1079 459 1133 30,
485 1079 540 1120 47

229 1147 276 1206 4)
317 1148 428 1204 Περὶ
467 1149 684 1204 ἐγκωμίου
722 1149 794 1192 καὶ
833 1153 987 1204 ψόγου.
1051 1150 1273 1192 Ε11131110111
1313 1149 1636 1191 exercitationes

117 1221 336 1276 pertinent
373 1221 425 1262 ad
468 1236 602 1277 genus
644 1222 1050 1264 demonstratiuum:
1095 1222 1208 1276 quod
1252 1221 1457 1276 quonian]
1501 1236 1636 1276 neque

116 1292 209 1347 pari
249 1293 506 1345 auctoritate
544 1307 680 1348 neque
719 1294 814 1348 pari
845 1309 925 1335 usu
958 1297 1049 1335 erat
1081 1294 1193 1349 apud
1224 1293 1462 1346 Romanos,
1500 1293 1635 1334 decla-

116 1364 329 1405 mationes
374 1364 426 1405 ad
470 1364 575 1405 illud
619 1379 753 1420 genus
797 1365 1058 1419 pertinentes
1101 1380 1238 1420 neque
1278 1364 1391 1419 apud
1431 1363 1636 1406 Senecam

114 1449 250 1490 neque
283 1435 395 1490 apud
422 1435 610 1489 reliquos
637 1436 748 1477 inter
775 1437 1092 1478 controuersias
1126 1439 1168 1477 et
1195 1436 1410 1477 suasorias
1440 1438 1636 1491 receptae

113 1510 233 1561 sunt,
270 1521 366 1548 cum
405 1506 458 1548 ad
492 1507 633 1561 prima
670 1507 913 1549 rudimenta
945 1508 1184 1549 rhetoricae
1217 1508 1499 1561 pertinerent:
1537 1522 1636 1548 113111

111 1577 341 1620 Frontonis
380 1577 563 1619 aliorum
602 1579 786 1620 ludibria
824 1579 963 1621 sciens
1002 1579 1166 1621 omitto.
1229 1578 1278 1620 In
1310 1579 1416 1620 rhet.
1451 1579 1504 1620 ad
1536 1578 1637 1620 Her.

114 1648 179 1691 III
213 1650 257 1704 8,
293 1649 347 1691 15
391 1649 517 1690 huius
569 1650 989 1704 praeexercitaminis
1040 1666 1141 1692 usus
1197 1650 1520 1692 commendatur
1569 1650 1637 1691 his

111 1721 274 1764 uerbis:
318 1719 424 1763 eNec
455 1721 536 1763 hoc
569 1735 703 1776 genus
735 1736 889 1764 causae
925 1737 974 1764 eo
1009 1723 1121 1777 quod
1154 1737 1251 1764 raro
1285 1722 1440 1764 accidit
1471 1722 1514 1762 111
1546 1722 1637 1762 11113

110 1792 407 1848 neglegentius
455 1793 838 1835 commendandum
883 1797 949 1835 est
974 1828 981 1835 .
1011 1828 1018 1835 .
1046 1827 1055 1836 .
1081 1797 1124 1836 et
1168 1795 1204 1835 si
1250 1793 1481 1848 separatim
1531 1793 1635 1834 haec

113 1878 242 1906 causa
272 1863 412 1905 minus
446 1877 572 1919 saepe
604 1866 832 1919 tractatur,
864 1867 909 1906 at
941 1865 984 1906 in
1017 1865 1292 1906 iudicialibus
1326 1868 1369 1907 et
1401 1865 1444 1906 in
1479 1864 1635 1906 delibe-

111 1935 261 1976 ratiuis
306 1935 445 1977 causis
491 1950 617 1990 saepe
662 1950 845 1992 magnae
896 1940 1041 1992 partes
1091 1940 1320 1978 uersantur
1369 1936 1508 1978 laudis
1561 1939 1636 1978 aut

116 2006 456 2061 uituperationis.
507 2007 646 2056 Quare
679 2007 724 2048 in
754 2007 836 2050 hoc
869 2022 1037 2062 quoque
1070 2023 1222 2049 causae
1256 2022 1410 2063 genere
1442 2008 1635 2050 nonnihil

112 2077 347 2119 industriae
380 2078 713 2119 consumendum
745 2078 972 2132 putemus.9

229 2147 347 2190 Haec
390 2148 523 2190 habui
567 2163 673 2203 quae
718 2149 768 2190 de
813 2149 951 2191 tribus
1002 2150 1231 2205 generibus
1276 2149 1634 2192 declamationum

114 2219 268 2273 quibus
307 2219 370 2261 uti
408 2219 546 2261 uoluit
581 2220 670 2261 ludi
708 2220 824 2262 illius
862 2221 973 2262 unde
1011 2221 1206 2275 profecta
1238 2222 1303 2263 est
1336 2222 1552 2264 rhetorica
1583 2222 1636 2263 ad

112 2290 214 2332 Her.
241 2290 447 2346 magister
470 2291 522 2332 de
548 2292 940 2347 progymnasmatis
970 2293 1172 2334 suasoriis
1203 2294 1507 2335 controuersiis
1540 2308 1635 2348 pro-

112 2361 259 2404 feram.
311 2361 434 2412 Quod
467 2365 658 2417 tempore
686 2360 861 2406 Sullano
894 2364 1108 2407 uocabant
1139 2365 1324 2419 exerceri,
1356 2364 1398 2406 id
1432 2363 1635 2407 Cicerone

115 2448 213 2475 sene
245 2433 473 2476 declamare
504 2434 593 2476 siue
626 2435 885 2477 declamitare
916 2436 1237 2490 appellabatur:
1276 2451 1385 2491 quae
1424 2436 1557 2478 uerba
1592 2437 1635 2477 111

114 2505 328 2546 rhetorica
360 2505 412 2547 ad
446 2504 546 2547 Her.
577 2506 768 2547 nondum
806 2506 1092 2549 inueniuntur.
1154 2506 1269 2549 Nam
1302 2508 1354 2548 ad
1387 2508 1516 2563 longe
1549 2507 1635 2549 alia

113 2576 329 2630 pertinent
361 2575 427 2617 III
462 2577 533 2627 11,
559 2577 627 2619 20.
663 2578 735 2631 12,
761 2578 818 2619 20
855 2578 928 2619 ubi
969 2578 1214 2620 exercitatio
1254 2578 1491 2620 moderatio
1523 2578 1633 2620 ratio

113 2647 438 2689 declamationis
483 2647 676 2701 pluribus
721 2650 943 2690 tractatur.
1004 2648 1130 2691 Nunc
1173 2649 1223 2690 de
1270 2650 1548 2704 scriptoribus
1593 2652 1636 2691 et

113 2719 356 2760 auctoribus
389 2717 541 2773 quibus
579 2733 681 2760 usus
715 2719 770 2760 sit
806 2723 1058 2774 praeceptor
1090 2720 1163 2761 ille
1196 2722 1238 2761 et
1270 2721 1319 2762 de
1352 2721 1517 2762 ratione
1550 2736 1633 2776 qua

112 2790 175 2830 uti
207 2789 291 2831 illis
323 2790 522 2845 uoluerit,
553 2785 765 2845 agendum
799 2791 880 2832 erit
911 2791 1049 2833 nobis.
1654 2842 1696 2866 De
1717 2842 1893 2867 auctoribus

230 2860 382 2902 Totius
410 2861 549 2916 operis
578 2876 657 2903 nos
677 2862 839 2904 nullam
859 2865 1024 2917 partem
1053 2863 1190 2919 magis
1218 2864 1477 2906 admiramur
1504 2879 1630 2919 quain
1646 2878 1915 2939 ‘'tfidgsfifipw'is

1706 2922 1722 2938 a
1796 2921 1837 2938 ΘΓ.
