2003 3116
560 766 640 818 [M.
680 767 871 814 TULLI
910 767 1239 848 CICERONIS

423 896 558 950 AD
644 896 1368 951 HERENNIUM]

602 1026 801 1068 LIBER
845 1024 1202 1069 SECUNDUS.

259 1121 309 1163 In
341 1123 482 1178 primo
515 1121 639 1175 libro,
670 1121 874 1177 Herenni,
906 1122 1094 1163 breuiter
1121 1123 1403 1178 exposuimus,
1437 1138 1543 1178 quas
1570 1137 1664 1165 cau-

145 1208 216 1235 sas
260 1194 448 1248 recipere
487 1196 700 1235 oratorem
740 1196 957 1248 oporteret
996 1196 1038 1234 et
1081 1194 1124 1234 in
1169 1195 1323 1248 quibus
1368 1194 1518 1236 officiis
1563 1195 1666 1236 artis

145 1265 368 1307 elaborare
403 1265 651 1311 conueniret
683 1267 725 1305 et
756 1278 806 1305 ea
839 1263 981 1306 officia
1013 1279 1098 1319 qua
1129 1266 1296 1307 ratione
1333 1266 1538 1307 facillime
1570 1281 1666 1308 con-

146 1335 265 1390 sequi
296 1338 455 1390 posset.
525 1334 704 1389 Verum,
742 1335 854 1390 quod
887 1349 1021 1390 neque
1055 1335 1104 1376 de
1138 1336 1335 1378 omnibus
1375 1337 1502 1379 rebus
1542 1338 1668 1378 simul

108 1416 124 1441 5
147 1407 229 1448 dici
260 1410 434 1461 poterat
466 1410 508 1448 et
549 1406 598 1447 cle
638 1406 838 1448 maximis
878 1408 1005 1448 rebus
1043 1408 1227 1462 primum
1270 1408 1541 1450 scribendum
1575 1408 1669 1463 fuit⁷

147 1492 231 1533 quo
264 1481 405 1520 cetera
445 1478 524 1519 tibi
561 1476 760 1519 faciliora
802 1477 977 1533 cognitu
1015 1478 1278 1533 uiderentur,
1316 1480 1377 1522 ita
1415 1480 1540 1521 nobis
1580 1480 1670 1535 pla-

151 1549 286 1590 citum
319 1551 395 1604 est,
427 1551 474 1591 ut
505 1563 566 1602 ea,
598 1562 707 1603 quae
739 1548 998 1590 difficillima
1025 1554 1177 1604 essent,
1209 1550 1479 1605 potissimum
1514 1551 1669 1605 <con>-
1730 1595 1733 1598 Α

146 1620 438 1662 scriberemus.

264 1689 500 1734 Causarum
539 1691 624 1733 tria
663 1706 819 1747 genera
858 1696 973 1734 sunt:
1014 1682 1420 1749 demonstratiuumJ
1465 1694 1670 1736 delibera-

104 1773 138 1798 10
156 1763 310 1814 tinum,
348 1762 554 1804 iudiciale.
622 1762 759 1805 Multo
799 1763 1099 1805 difficillimum
1136 1765 1333 1807 iudiciale
1372 1769 1452 1819 est3
1491 1779 1592 1820 ergo
1630 1767 1671 1807 id

148 1835 335 1888 primum
368 1834 633 1876 absoluimus
667 1835 747 1876 hoc
781 1839 823 1876 et
859 1836 1001 1890 priore
1034 1837 1158 1879 libro.

267 1904 330 1946 De
363 1905 547 1947 oratoris
581 1904 733 1947 officiis
774 1906 958 1960 quinque
997 1906 1188 1949 inuentio
1232 1911 1273 1949 et
1310 1909 1448 1963 prima
1487 1912 1527 1951 et
1566 1909 1673 1950 disfi-

159 1977 319 2020 cillima
357 1979 432 2018 est.
493 1976 559 2018 Ea
598 1991 764 2032 quoque
802 1978 928 2019 nobis
974 1979 1055 2020 erit
1098 1979 1178 2021 hoc
1216 1979 1326 2021 libro
1368 1982 1674 2035 propemodum

154 2048 370 2090 absoluta:
421 2062 580 2102 paruae
629 2052 774 2103 partes
825 2049 915 2090 eius
968 2049 1012 2090 in
1063 2051 1237 2091 tertium
1287 2052 1486 2094 uolumen
1538 2056 1674 2094 traus-

98 2127 132 2154 15
152 2119 353 2161 ferentur.

1682 1091 1702 1131 1

1690 1163 1703 1190 1

276 2249 296 2283 1
324 2248 365 2283 In
389 2247 510 2293 primo
536 2247 649 2295 libro]
677 2248 794 2294 primo
827 2249 922 2284 libro
948 2250 972 2285 d
1013 2263 1035 2284 n
1067 2249 1162 2286 libro
1196 2251 1314 2296 primo
1342 2253 1361 2288 b
1483 2253 1627 2288 hrennii
1653 2254 1673 2289 b

163 2313 183 2337 o
210 2301 363 2337 herenni
388 2303 412 2337 d
508 2302 531 2337 2
558 2306 721 2337 oratores
749 2303 769 2338 b
865 2305 1014 2348 oportet
1039 2305 1092 2339 bd
1200 2305 1330 2340 officiis
1356 2306 1447 2340 artis
1473 2307 1526 2342 bd
1562 2308 1677 2351 parti-

159 2355 227 2390 bus
265 2354 396 2390 officiis
430 2355 520 2390 artis
558 2355 726 2390 HPHB
767 2356 936 2400 partibus
974 2357 1086 2392 officii
1123 2358 1213 2393 artis
1247 2359 1259 2393 l
1301 2360 1468 2404 partibus
1507 2360 1619 2395 officii
1652 2360 1682 2396 0

158 2409 266 2453 (conf.
289 2409 406 2444 Mart.
436 2408 523 2453 Cap.
543 2421 577 2453 p.
601 2412 679 2452 143,
697 2413 739 2443 14
764 2409 957 2455 Eyssenk.)
1077 2410 1102 2446 4
1132 2411 1253 2457 possit
1283 2412 1328 2446 H
1445 2413 1468 2448 5
1502 2416 1538 2448 et
1568 2426 1623 2449 om
1655 2415 1680 2449 d

161 2461 180 2495 7
208 2460 440 2496 defficillima
464 2462 508 2496 Η
609 2462 843 2507 potissimom
872 2460 903 2498 'G
1007 2466 1320 2500 conscriberemus
1347 2467 1399 2501 bd
1437 2468 1679 2502 scriberemus

160 2515 291 2559 reliqui
422 2515 446 2549 9
477 2515 763 2551 deliberatiuum
795 2516 969 2551 iudiciale
1001 2517 1334 2554 demonstratiuum
1360 2521 1384 2554 d
1505 2520 1554 2555 10
1586 2519 1679 2554 diffi-

161 2567 339 2603 cilumum
367 2568 410 2604 0¹
507 2569 565 2603 est
589 2569 764 2604 iudiciale
791 2570 810 2604 b
850 2569 988 2605 iudicio
1014 2571 1187 2606 iudiciale
1214 2574 1271 2606 est
1296 2572 1342 2607 H
1435 2573 1482 2607 11
1511 2573 1679 2607 absolue-

161 2633 241 2656 mus
362 2622 432 2656 hoe
465 2623 502 2656 et
534 2622 606 2665 (est
629 2622 684 2666 H)
711 2622 833 2666 priore
865 2622 960 2658 libro
993 2624 1037 2659 de
1059 2625 1217 2658 oratoris
1251 2625 1437 2669 (oratoriis
1461 2625 1516 2671 H)
1549 2626 1678 2662 officiis

163 2675 327 2720 quinque
344 2675 510 2710 inuentio
531 2675 574 2709 H
578 2675 698 2710 ΡΠΒ
724 2676 792 2710 hoc
813 2676 851 2710 et
869 2675 990 2720 priore
1009 2677 1106 2712 h'bro
1128 2679 1270 2722 egimus
1291 2679 1337 2713 de
1363 2679 1520 2713 oratoris
1547 2678 1678 2714 officiis

162 2728 324 2772 quinque
350 2729 517 2764 inuentio
540 2728 570 2763 C
592 2728 672 2763 Hoc
698 2732 735 2763 et
758 2728 879 2773 priore
900 2728 994 2764 libro
1015 2731 1158 2775 egimus
1185 2743 1267 2766 cum
1295 2731 1340 2766 de
1361 2733 1516 2767 oratoris
1550 2733 1680 2768 officiis

161 2783 405 2817 tractaremus
431 2781 596 2827 quinque
622 2792 779 2826 quorum
804 2783 1073 2826 (tractaremus.
1124 2784 1287 2826 Quorum
1306 2784 1495 2830 quinquez
1520 2786 1681 2830 quinque

166 2836 409 2870 tractaremus
437 2847 593 2880 quorum
619 2836 656 2879 d)
683 2834 849 2871 inuentio
869 2839 896 2869 E
923 2838 961 2871 et
979 2836 1101 2882 priore
1120 2838 1178 2873 del
1196 2839 1402 2884 Kayserus:
1422 2840 1515 2882 conf.
1536 2841 1579 2874 de
1602 2841 1680 2874 inu.

163 2887 197 2922 Π
216 2891 272 2932 59,
290 2892 355 2924 178
418 2889 466 2924 12
487 2890 525 2924 et
543 2888 679 2934 prima]
700 2900 793 2933 quae
812 2889 970 2934 primad
1043 2889 1251 2927 difficilima
1278 2891 1309 2926 O
1373 2891 1422 2927 14
1440 2904 1578 2937 paruae
1600 2905 1681 2938 par-

234 2954 282 2979 Ad
295 2955 483 2981 Herennium
500 2955 574 2980 libri
592 2955 644 2987 IV,
664 2955 709 2981 ed.
722 2956 832 2982 Manx.
1359 2956 1399 2986 l}
