2003 3116
668 121 1036 155 PROLEGOMENA.
1534 116 1615 158 159

98 234 190 275 ὃων
225 230 326 289 περὶ
361 238 450 273 τῶν
487 233 643 273 τελῶν·
682 230 723 272 εἰ
757 229 841 285 γὰρ
874 227 978 283 μηδ’
1010 227 1116 283 ὑμῖν
1148 228 1331 282 αἰσχρὸν
1362 226 1411 268 τὸ
1442 229 1621 280 πωλεῖν,

95 300 197 360 μηδ’
227 303 334 360 ὑμῖν
364 304 414 346 τὸ
446 303 672 346 ὠνεῖσθαι.
735 299 872 343 Sicuti
903 300 1053 341 rhetor
1083 299 1180 353 ille,
1212 298 1312 352 quid
1346 298 1398 340 ad
1431 298 1531 340 Her.
1555 296 1620 339 IV

95 376 170 430 28,
197 375 252 417 38
295 375 598 417 Demosthenis
640 373 772 415 uerba
810 387 834 413 a
876 369 1039 413 Graeco
1081 369 1252 411 rhetore
1294 370 1485 425 exemplo
1526 384 1619 424 pro-

95 446 239 502 posita
281 448 476 501 πόλεμον
519 446 580 494 εἰς
617 445 698 499 τὴν
739 439 936 497 Ἀττικὴν
975 441 1163 496 εἰσάγεις
1202 440 1389 496 Αἰσχίνη
1427 442 1620 495 πόλεμον

92 510 460 574 Ἀμφικτυονικόν
492 517 543 558 ad
571 515 749 558 eandem
775 516 958 569 figuram
985 512 1302 568 explanandam
1328 512 1388 554 ita
1419 511 1620 553 mutauit:

97 589 358 645 (Tumultus,
403 588 484 630 Gai
523 586 703 642 Graece,
746 585 958 627 tumultus
1005 583 1260 626 domesticos
1306 585 1349 624 et
1391 583 1620 626 intestinos

98 659 335 716 conparas'‚
375 659 465 701 sine
504 658 633 701 dubio
672 659 762 699 erat
798 656 977 698 Latinus
1013 656 1084 697 uel
1122 655 1362 709 Romanus,
1399 655 1461 696 ita
1498 655 1621 696 illum

99 732 171 788 qui
202 731 451 774 Aristotelis
491 730 598 771 illud
630 728 873 783 exemplum
905 727 1102 769 Romano
1134 726 1298 768 rhetori
1331 726 1622 782 suppeditauit

96 802 314 845 Rhodium
357 802 488 844 fuisse
533 800 812 842 manifestum
858 803 935 841 est.
1006 798 1090 848 Qui
1132 812 1268 853 neque
1312 812 1471 839 nomen
1514 798 1621 838 illud

96 889 232 930 neque
259 889 326 916 res
356 873 554 915 uidelicet
579 872 701 913 finxit
726 874 885 913 temere
913 873 988 912 aut
1018 869 1184 925 friuole‚
1216 869 1289 911 sed
1316 884 1366 910 ex
1391 870 1482 911 uita
1508 869 1620 910 Rho-

98 946 265 988 diorum
298 945 492 1000 sumpsit.
542 943 655 986 Nam
686 942 1040 985 Hermocreontis
1072 955 1230 983 nomen
1263 941 1307 982 in
1340 941 1620 996 inscriptione

93 1017 313 1059 Rhodiaca
346 1031 454 1058 saec.
481 1031 515 1058 a.
544 1014 621 1057 Ch.
652 1014 741 1056 fere
768 1013 788 1055 I
818 1014 1065 1055 etiamnunc
1102 1015 1261 1054 exstat:
1295 1013 1404 1054 conf.
1430 1012 1621 1054 Bulletin

97 1088 148 1130 de
187 1103 371 1143 corresp.
402 1087 568 1129 Hellen.
603 1085 707 1128 XIV
749 1085 862 1128 1890
900 1101 939 1140 p.
966 1085 1051 1127 287
1092 1084 1246 1126 Caueri
1285 1083 1404 1126 D1G2
1438 1084 1540 1126 169:
1580 1086 1622 1124 et

95 1174 222 1215 quam
261 1160 366 1202 scite
398 1158 592 1201 Rhodius
630 1158 700 1199 ille
739 1157 888 1198 rhetor
919 1171 1005 1198 non
1042 1157 1094 1197 τὰ
1127 1155 1226 1211 τέλη
1262 1156 1508 1211 appellarit,
1550 1155 1623 1196 sed

96 1231 343 1287 ἐλλιμένιον
369 1230 475 1272 illud
495 1230 761 1272 Rhodiorum
787 1228 1112 1270 celeberrimum
1133 1227 1302 1283 (Polyb.
1323 1226 1469 1269 XXXI
1492 1228 1529 1282 7,
1546 1225 1622 1282 12)

96 1303 222 1345 facile
254 1303 394 1358 quiuis
426 1302 652 1357 intellegit.

214 1375 265 1416 In
304 1375 429 1416 libris
467 1373 520 1415 ad
551 1373 655 1416 Her.
687 1372 874 1429 uestigia
906 1371 1095 1414 Graecae
1134 1370 1312 1426 originis
1345 1371 1502 1425 ubique
1534 1369 1622 1411 fere

96 1447 234 1489 deleta
266 1448 378 1488 sunt.
428 1445 590 1486 Tamen
622 1444 980 1486 considerandum
1012 1446 1075 1485 est
1108 1443 1221 1499 quod
1253 1441 1315 1483 IV
1341 1443 1379 1493 6,
1400 1442 1425 1483 9
1460 1440 1622 1483 Chares

96 1518 169 1560 ille
189 1517 383 1559 Rhodius
405 1516 597 1571 exemplo
617 1517 876 1572 proponitur
897 1518 940 1557 et
960 1515 1144 1569 scriptor
1164 1513 1226 1555 IV
1246 1514 1312 1568 12,
1329 1514 1380 1555 17
1403 1512 1621 1554 Herennio

95 1591 177 1632 hoc
208 1589 450 1645 pollicetur:
497 1587 635 1630 ‘Haec
667 1602 751 1643 qua
788 1587 955 1629 ratione
995 1587 1133 1628 uitare
1171 1600 1417 1640 possumus,
1456 1585 1498 1626 in
1533 1588 1623 1626 arte

98 1661 380 1717 grammatica
418 1659 598 1702 dilucide
638 1657 855 1701 dicemus.9
920 1658 1001 1707 Qui
1042 1657 1162 1699 locus
1206 1671 1300 1698 cum
1342 1656 1498 1698 idcirco
1541 1670 1624 1697 me-

96 1733 316 1775 morabilis
348 1731 461 1788 quod
492 1731 553 1773 ibi
586 1731 775 1787 primum
809 1744 880 1772 ars
919 1729 1129 1784 quaedam
1163 1728 1446 1784 grammatica
1477 1729 1523 1769 in
1555 1728 1623 1768 lit-

96 1805 200 1846 teris
237 1804 402 1846 Latinis
442 1803 684 1858 appellatur
721 1806 814 1844 tum
854 1801 1013 1843 idcirco
1056 1801 1156 1856 quia
1197 1801 1242 1842 in
1282 1800 1369 1841 ista
1409 1800 1624 1842 rhetorica

98 1876 292 1917 doctrina
328 1890 395 1917 res
434 1874 741 1930 grammaticas
781 1888 876 1915 cum
916 1872 1142 1914 rhetoricis
1184 1872 1397 1913 artissime
1429 1871 1623 1912 uidemus

97 1947 227 1989 fuisse
248 1946 535 1990 consociatas:
562 1961 698 2001 neque
716 1948 862 1988 tamen
883 1959 1033 1986 reuera
1053 1944 1305 1998 scriptorem
1328 1946 1463 1985 artem
1485 1956 1623 1998 gramn

97 2019 298 2061 maticam
338 2019 632 2074 composuisse
669 2018 744 2059 illo
784 2017 877 2059 loco
917 2016 1148 2058 effecerim:
1191 2015 1299 2057 conf.
1328 2030 1459 2070 supra
1489 2030 1528 2069 p.
1556 2014 1623 2056 95.

98 2090 240 2145 Atque
279 2091 314 2132 si
352 2105 529 2145 quaeres
567 2090 642 2131 ubi
680 2092 893 2130 terrarum
925 2088 1066 2142 prima
1097 2101 1168 2128 ars
1206 2087 1488 2142 grammatica
1520 2089 1624 2126 nata

98 2161 241 2216 fuerit,
267 2175 414 2203 omnes
441 2161 714 2203 consentient
738 2161 924 2215 primam
949 2157 1108 2213 τέχνην
1133 2158 1436 2214 γραμματικήν
1463 2156 1623 2211 Diony-

101 2232 211 2274 sium
238 2232 447 2274 Thracem
473 2232 616 2274 Rhodi
642 2231 935 2286 composuisse
960 2230 1005 2272 in
1031 2230 1318 2285 Praxiphanis
1344 2229 1484 2284 patria
1509 2229 1624 2283 prin-

99 2304 203 2358 cipis
241 2304 358 2345 illius
397 2303 794 2359 grammaticorum:
834 2303 870 2344 si
902 2316 1078 2358 quaeres
1118 2302 1192 2343 ubi
1231 2304 1443 2343 terrarum
1485 2300 1624 2342 studia

98 2374 313 2417 rhetorica
344 2390 441 2417 cum
474 2375 767 2431 grammaticis
802 2375 1017 2416 artissime
1051 2373 1213 2414 fuerint
1239 2373 1478 2427 coniuncta,
1510 2372 1624 2413 Rho-

100 2446 266 2489 diorum
304 2446 597 2489 litteratorum
630 2447 757 2502 longe
790 2447 975 2501 plurima
1008 2445 1151 2487 afferri
1181 2447 1387 2500 poterunt
1419 2444 1624 2497 exempla.

99 2517 273 2559 Etenim
312 2518 423 2572 quod
455 2517 679 2560 Aurelium
717 2517 924 2573 Opillium
964 2517 1070 2558 alios
1111 2519 1277 2558 ueteres
1318 2515 1622 2570 grammaticos

100 2588 262 2631 Romae
295 2591 339 2630 et
370 2589 630 2631 rhetoricam
665 2589 860 2631 docuisse
887 2587 1116 2630 Suetonius
1146 2591 1293 2630 auctor
1326 2589 1392 2628 est
1425 2586 1474 2627 de
1502 2599 1562 2641 gr.
1584 2586 1623 2640 4,

102 2661 250 2703 eodem
281 2663 410 2716 pacto
443 2660 586 2701 Rhodi
611 2656 925 2715 Ἀριστόδημος
957 2660 1040 2714 ille,
1074 2659 1146 2714 qui
1180 2658 1421 2699 auditorum
1454 2658 1498 2698 in
1530 2670 1624 2711 gra-

100 2732 206 2773 tiam
249 2731 485 2774 Homerum
529 2731 772 2773 Romanum
816 2732 993 2785 fecerat,
1043 2730 1303 2787 ἐρρητόρευε
1352 2726 1424 2769 καὶ
1475 2726 1523 2769 ἐν
1572 2733 1624 2782 τῇ

95 2800 230 2860 Ῥόδῳ
269 2801 342 2845 καὶ
374 2803 422 2845 ἐν
452 2809 504 2859 τῇ
536 2804 715 2859 πατρίδι
747 2803 828 2844 δύο
862 2802 1021 2857 σχολὰς
1054 2808 1249 2856 συνεῖχε,
1285 2797 1399 2856 πρωὶ
1431 2797 1512 2854 μὲν
1543 2799 1623 2853 τὴν

103 2873 355 2933 ῥητορικήν,
382 2876 528 2930 δείλης
555 2872 603 2917 δὲ
627 2875 708 2930 τὴν
734 2875 1038 2931 γραμματικὴν
1065 2875 1242 2929 σχολήν,
1271 2871 1398 2914 sicuti
1419 2870 1623 2914 Suetonio
