2003 3116
700 119 1069 153 PROLEGOMENA.
1571 117 1653 158 123

132 245 210 272 nec
240 229 501 271 rettulerunt
531 228 575 271 in
606 243 831 270 numerum
867 227 1235 270 constitutionum.
1285 226 1394 269 Post
1425 228 1566 268 autem
1601 227 1654 268 ab

130 302 210 344 1100
247 301 470 344 inuentam
511 299 638 342 multi
676 298 1057 355 reprehenderunt,
1096 313 1203 354 quos
1241 313 1327 341 non
1366 300 1455 340 tam
1493 297 1655 354 impru-

130 372 274 415 dentia
306 372 401 414 falli
438 374 658 428 putamus,
695 385 762 413 res
802 371 915 412 enim
945 370 1171 426 perspicua
1204 372 1287 425 est,
1329 384 1455 425 quam
1494 368 1656 410 inuidia

131 446 259 500 atque
299 444 611 487 obtrectatione
649 442 834 498 quadam
873 441 1098 496 impediri?
1159 440 1275 483 Audi
1312 441 1504 483 rhetores
1543 440 1656 482 inter

131 530 175 558 se
213 515 453 571 litigantes:
500 514 732 556 Graeculus
771 513 861 568 ille,
901 526 1026 567 quem
1059 511 1206 554 Cicero
1241 512 1447 567 sequitur,
1480 526 1574 553 cum
1611 511 1656 552 in

130 586 341 642 principio
374 585 474 627 libri
507 584 527 625 I
554 583 612 639 (6,
639 582 684 640 8)
719 583 923 625 acerrime
956 583 1002 624 in
1027 582 1341 638 Hermagoran]
1368 583 1654 636 inueheretur,

134 658 216 700 1100
247 657 342 700 1000
375 656 497 698 illum
531 654 719 696 defendit
751 669 776 696 a
806 653 1137 709 reprehensione
1168 653 1355 696 rhetoris
1389 654 1505 695 illius
1539 653 1656 694 cuius

132 731 268 771 artem
308 728 491 783 scriptor
531 726 582 768 ad
613 725 715 768 Her.
749 724 995 781 expressitz'
1022 740 1120 767 nam
1161 740 1330 768 omnem
1368 725 1479 767 hanc
1520 725 1656 767 rixam

132 799 308 842 Graecis
349 798 596 842 auctoribus
640 797 912 839 tribuendam
953 811 1045 839 esse
1084 811 1161 839 nec
1199 797 1417 839 hominem
1457 795 1656 838 Latinum

131 872 218 913 illis
250 870 517 926 temporibus
549 869 628 911 tali
659 883 764 911 naso
797 868 1036 923 praeditum
1069 868 1200 910 fuisse
1233 871 1281 910 ut
1307 868 1526 910 rhetorum
1558 868 1657 909 arti-

133 943 229 986 ficia
256 942 515 984 Graecorum
543 955 618 983 suo
647 955 846 995 superare
879 941 1027 994 posset
1053 939 1246 981 acumine
1280 939 1553 981 manifestum
1581 942 1657 981 est.

132 1013 260 1056 Color
299 1016 443 1055 autem
487 1012 709 1066 utriusque
754 1011 836 1054 loci
879 1011 1007 1066 plane
1049 1009 1258 1060 Graecum
1306 1012 1520 1052 auctorem
1566 1024 1657 1052 esse

131 1086 298 1127 suadet:
338 1083 448 1126 conf.
480 1083 684 1138 Hermog.
712 1082 786 1124 RG
821 1082 885 1124 ΙΙΙ
916 1098 956 1137 p.
984 1082 1058 1134 46,
1087 1082 1141 1123 23
1164 1081 1217 1122 W
1263 1081 1303 1122 11
1338 1097 1376 1135 p.
1406 1081 1507 1135 163,
1529 1080 1555 1121 ἶ)
1582 1079 1657 1135 Sp:

127 1154 453 1212 Ἐπειράθησαν
487 1153 539 1197 δέ
567 1170 682 1205 τινες
711 1161 798 1196 τῶν
832 1152 1199 1208 ἐπιγραψαμένων
1231 1152 1389 1208 τέχνην
1422 1152 1659 1208 ῥητορικὴν

131 1228 179 1269 τὸ
205 1225 306 1283 περὶ
333 1225 587 1283 διαιρέσεως
613 1224 742 1281 μέρος
770 1225 903 1279 αὐτῆς
930 1226 1024 1279 εἴδη
1058 1225 1157 1266 τινὰ
1191 1225 1328 1265 εἰπεῖν
1361 1223 1657 1266 ἀντιστάσεων

130 1296 202 1340 καὶ
239 1298 294 1352 νὴ
333 1299 423 1339 Δία
462 1314 510 1352 γε
549 1305 637 1339 τῶν
677 1298 823 1339 ἄλλων
868 1296 1157 1338 ἀντιθετικῶν
1204 1295 1415 1349 στάσεων,
1460 1294 1540 1350 οὐχ
1585 1294 1658 1336 ἵνα

133 1369 352 1425 διάφορόν
378 1385 477 1411 τινα
498 1365 638 1411 οὖσαν
664 1369 745 1423 τὴν
774 1369 991 1423 διαίρεσιν
1018 1366 1065 1409 ἐν
1092 1366 1242 1416 αὐταῖς
1270 1366 1504 1417 διδάξωσιν
1532 1365 1658 1421 ἡμᾶς,

132 1440 332 1495 καθάπερ
372 1438 444 1482 καὶ
484 1440 606 1495 ἡμεῖς
639 1442 686 1481 ὲν
718 1456 761 1481 τε
795 1439 1023 1493 ἀντιλήψει
1057 1437 1129 1480 καὶ
1163 1437 1210 1479 ἐν
1244 1438 1392 1487 among
1423 1439 1658 1492 πεποιήκα-

132 1528 227 1567 μεν,
270 1508 296 1566 ἧ
334 1512 418 1597 γὰρ
457 1511 512 1553 dv
552 1515 655 1561 ἴσως
692 1512 812 1562 τινὸς
849 1508 904 1565 ἦν
943 1510 1081 1565 ἄξιον,
1128 1507 1221 1552 ἀλλ’
1254 1510 1320 1551 ὅτι
1352 1507 1489 1564 φασὶν
1521 1508 1547 1563 ἡ
1580 1507 1661 1564 μὲν

135 1584 352 1637 ἰδιωτική,
390 1582 416 1637 ἡ
450 1580 497 1625 δε
531 1584 742 1638 δημοσία,
781 1583 807 1637 ἡ
842 1580 889 1624 δε
922 1583 1049 1637 μικτή
1082 1580 1192 1635 ἐστι,
1234 1579 1305 1623 καὶ
1338 1580 1519 1622 τοιαῦτά
1550 1596 1659 1622 τινα.

133 1654 444 1708 Interpretatus
486 1657 629 1697 autem
663 1656 729 1697 est
763 1669 928 1709 semper
959 1654 1046 1695 fere
1081 1653 1263 1708 scriptor
1296 1652 1348 1694 ad
1382 1651 1483 1694 Her.
1517 1651 1660 1693 eiusne·

133 1728 386 1781 praeceptor
417 1725 461 1767 in
494 1726 734 1782 praeceptis
766 1726 817 1768 ad
850 1726 1029 1767 uerbum
1058 1724 1243 1766 Graecos
1278 1726 1486 1766 auctores.
1538 1723 1660 1766 Conf.

135 1812 244 1853 quae
284 1797 584 1839 adnotauimus
625 1797 677 1839 ad
719 1798 782 1840 IV
816 1798 889 1851 30,
916 1797 969 1839 41
1013 1797 1114 1838 alibi
1154 1798 1195 1838 et
1234 1796 1307 1851 39,
1334 1796 1386 1838 51
1429 1798 1532 1837 extr.
1566 1810 1660 1837 cum

135 1869 312 1924 Apsinis
338 1870 579 1924 praeceptis
606 1869 682 1911 RG
709 1869 770 1911 IX
793 1869 877 1911 585
898 1869 955 1910 W
988 1868 1007 1909 I
1035 1869 1119 1911 398
1149 1867 1227 1922 Sp:
1257 1882 1338 1923 quo
1366 1868 1460 1909 loco
1490 1867 1660 1922 egregie

135 1942 315 1995 apparet
341 1955 469 1996 quam
496 1941 607 1983 male
633 1941 677 1983 in
709 1941 923 1983 rhetorica
958 1940 1009 1982 ad
1038 1939 1138 1981 Her.
1167 1939 1219 1981 ad
1252 1942 1528 1994 praeceptum
1554 1939 1658 1980 illud

138 2025 221 2065 quo
254 2011 427 2053 breuiter
454 2011 693 2054 describere
719 2012 929 2067 iubemur,
962 2011 1203 2066 exemplum
1231 2010 1422 2052 additum
1451 2010 1509 2051 sit
1532 2009 1661 2051 nimis

135 2082 312 2137 longum
344 2085 387 2125 et
418 2084 618 2138 amplum.

256 2151 364 2195 Cum
396 2168 499 2196 uero
531 2157 620 2196 tam
653 2151 864 2196 immensa
890 2154 1121 2196 multitudo
1148 2154 1369 2195 rhetorum
1400 2152 1662 2194 Graecorum

135 2224 224 2266 illis
263 2225 528 2279 temporibus
570 2225 760 2267 docuerit
798 2226 841 2267 in
880 2226 982 2268 orbe
1021 2229 1250 2280 terrarum,
1290 2240 1337 2266 ex
1372 2225 1456 2266 illis
1498 2223 1661 2265 duobus

136 2295 241 2338 locis
280 2295 394 2337 inter
426 2311 469 2338 se
503 2297 762 2351 comparatis
804 2297 952 2339 licebit
985 2297 1193 2352 suspicari
1226 2298 1419 2338 auctores
1452 2296 1658 2337 librorum

135 2367 187 2409 ad
219 2367 321 2410 Her.
356 2371 398 2410 et
429 2368 479 2410 de
512 2369 594 2412 inu.
627 2368 810 2411 Graecos
843 2369 964 2410 illam
998 2384 1117 2410 suam
1152 2368 1387 2411 exercuisse
1418 2368 1541 2409 litem
1571 2381 1658 2408 non

139 2439 323 2481 alterum
361 2440 413 2482 ab
447 2439 582 2482 altero
615 2441 763 2494 procul
800 2442 1015 2482 remotum
1049 2440 1121 2481 sed
1152 2440 1251 2482 illos
1284 2441 1329 2481 in
1361 2439 1506 2481 eadem
1538 2441 1660 2493 parte

137 2512 349 2552 terrarum
387 2511 554 2565 positos
594 2511 764 2553 diuersa
803 2511 852 2552 de
891 2511 1107 2553 rhetorica
1147 2513 1377 2566 praecepta
1419 2509 1661 2551 tradidisse.

140 2580 303 2623 Auctor
340 2596 441 2623 uero
476 2580 660 2624 Graecae
700 2582 804 2623 artis
845 2597 971 2636 quam
1011 2583 1195 2637 scriptor
1234 2583 1284 2623 ad
1318 2581 1418 2623 Her.
1453 2581 1663 2634 expressit

136 2653 266 2694 etiam
317 2651 571 2701 Quintiliani
617 2653 784 2694 saeculo
830 2655 921 2694 erat
964 2653 1164 2694 illustris:
1210 2653 1313 2693 artis
1359 2653 1471 2693 enim
1515 2651 1661 2692 inuen-

141 2723 300 2764 tionem
334 2723 388 2764 ad
419 2726 507 2765 tres
541 2725 679 2765 status
714 2723 1129 2778 adcommodauerat‚
1163 2738 1341 2778 quorum
1373 2723 1538 2777 primus
1572 2725 1664 2764 erat

141 2795 404 2849 στοχασμός,
455 2795 714 2850 sequebatur
761 2795 910 2844 στάσις
954 2796 1132 2849 νομική,
1181 2794 1337 2836 tertius
1389 2795 1663 2848 δικαιολογία

139 2865 380 2920 appellatus
409 2869 517 2907 erat:
551 2865 720 2907 eosdem
748 2868 835 2907 tres
862 2866 1012 2908 Latine
1038 2881 1185 2908 uersos
1216 2866 1532 2908 constituerunt
1563 2881 1659 2908 cum
