2003 3116
80 2063 123 2087 ‚vo
144 2063 176 2088 L.
196 2063 284 2089 Aelio

128 2099 253 2124 Stilone.

320 103 400 145 138
892 105 1260 142 PROLEGOMENA.

431 213 621 254 Plurima
659 212 862 254 Caeliana
907 213 951 253 in
989 212 1204 255 rhetorica
1249 214 1302 255 ad
1341 214 1440 256 Her.
1479 214 1705 271 indagasse
1750 218 1832 260 sibi

312 286 429 326 uisus
462 286 526 325 est
557 283 860 325 Bochmannus
893 284 919 326 l.
948 298 979 326 S.
1006 298 1037 326 s.
1063 299 1102 338 p.
1134 283 1230 326 105.
1292 284 1388 339 Ego
1422 288 1644 329 contentus
1677 303 1748 331 ero
1782 304 1831 332 eo

311 356 553 409 fragmento
593 354 704 409 quod
736 353 1014 397 Bochmanno
1053 355 1242 397 nondum
1275 358 1366 397 erat
1403 358 1554 398 notum
1586 357 1649 400 IV
1683 360 1746 414 12,
1776 361 1829 402 18

312 428 353 467 ct
388 425 463 467 illo
502 425 613 479 quod
653 440 782 480 supra
812 427 1033 481 posuimus
1069 429 1324 482 argumento
1357 442 1396 481 p.
1427 428 1522 483 103,
1554 429 1627 471 ubi
1661 429 1830 473 demon-

311 496 540 538 strauimus
584 511 651 538 res
696 500 796 539 ante
839 498 997 539 bellum
1036 498 1373 540 Hannibalicum
1418 499 1531 553 quod
1577 501 1831 556 conscripsit

311 567 478 609 Caelius
518 570 660 624 gestas
701 569 744 610 iu
782 569 996 612 rhetorica
1035 569 1089 612 ad
1126 569 1227 613 Her.
1258 585 1345 612 non
1384 572 1624 614 memorari.
1686 571 1831 615 Etiam

309 639 428 681 illam
455 639 777 694 metaphraseos
805 641 1159 683 exercitationem
1187 656 1315 696 supra
1340 656 1379 696 p.
1406 642 1487 684 117
1521 644 1749 685 tractatam
1781 645 1831 686 de

309 725 393 766 qua
436 709 615 753 Crassus
661 711 794 754 Caelii
839 712 1072 767 discipulus
1117 713 1229 768 apud
1269 711 1353 755 Cic.
1393 713 1443 754 de
1483 728 1540 755 or.
1578 714 1598 755 I
1637 715 1712 770 34,
1749 716 1831 758 154

307 781 457 836 refert,
495 782 548 824 ad
586 784 841 838 magistrum
875 799 954 840 ego
988 784 1156 839 quidem
1195 785 1448 828 rettulerim.
1510 784 1622 827 Nam
1656 783 1829 828 Caelius

307 853 564 895 rhetoricam
616 855 703 896 sine
750 855 877 897 dubio
928 856 989 898 ita
1038 856 1236 910 docebat,
1289 856 1414 898 sicuti
1461 871 1554 898 eam
1601 856 1741 899 doceri
1785 857 1831 899 in

308 924 525 967 Ciceronis
564 928 606 967 et
643 927 862 981 scriptoris
902 928 953 969 ad
986 927 1249 970 Herennium
1286 927 1409 969 libris
1442 927 1667 971 rhetoricis
1708 929 1830 971 intel-

307 996 502 1051 legimus.
546 996 756 1053 Exempla
776 998 975 1041 uidelicet
996 1002 1038 1041 et
1060 1014 1109 1041 ex
1136 999 1321 1042 historia
1347 1002 1390 1041 et
1416 1013 1465 1040 ex
1491 1000 1583 1041 uita
1604 999 1832 1054 desumpta

307 1068 532 1123 proposuit
565 1068 784 1123 discipulis
818 1070 870 1112 ad
907 1070 1167 1112 laudandum
1200 1071 1533 1125 uituperandum
1566 1071 1831 1112 suadendum

307 1139 648 1195 dissuadendum,
675 1155 750 1182 nec
777 1156 865 1184 non
891 1142 990 1184 lites
1017 1142 1190 1184 finxisse
1217 1141 1524 1184 existimandus
1549 1145 1614 1184 est
1635 1142 1687 1184 ad
1712 1142 1830 1197 leges

307 1225 411 1265 quas
456 1212 627 1266 egregie
678 1215 876 1269 nouerat,
927 1228 1033 1268 quae
1079 1214 1346 1256 orationibus
1393 1228 1443 1255 ex
1488 1215 1666 1268 utraque
1710 1215 1831 1268 parte

307 1281 465 1323 habitis
509 1284 767 1337 peterentur.
829 1284 979 1340 Itaque
1025 1285 1163 1327 multa
1208 1285 1405 1339 exempla
1447 1299 1497 1326 ex
1538 1284 1721 1326 historia
1761 1284 1829 1326 de-

307 1356 476 1408 sumpta
503 1354 570 1395 uel
597 1368 647 1396 ex
679 1355 784 1396 iuris
812 1356 950 1397 ciuilis
980 1356 1261 1411 ambiguitate
1297 1356 1496 1397 sollerter
1528 1355 1626 1397 ficta
1653 1370 1760 1410 quae
1788 1356 1831 1397 in

306 1424 531 1467 rhetoricis
563 1425 736 1480 scriptis
770 1427 994 1468 sollemnia
1027 1430 1140 1481 sunt,
1175 1442 1223 1469 ea
1255 1428 1340 1469 iam
1374 1441 1424 1468 ex
1451 1426 1583 1469 Caelii
1612 1426 1831 1481 Antipatri

305 1496 577 1539 institutione
614 1498 809 1552 profecta
849 1513 960 1553 esse,
1000 1499 1072 1554 qui
1104 1499 1148 1540 in
1187 1500 1368 1554 utroque
1401 1513 1555 1554 genere
1589 1497 1829 1540 litterarum

306 1566 476 1609 laudem
509 1583 712 1624 magnam
744 1570 923 1624 adeptus
959 1572 1088 1625 esset,
1127 1569 1242 1612 haud
1276 1570 1463 1612 alienum
1497 1570 1578 1611 erit
1611 1570 1831 1624 suspicari.

305 1637 474 1681 Nomen
517 1654 618 1681 uero
662 1639 813 1683 Graeci
857 1641 1041 1683 rhetoris
1088 1656 1214 1696 quem
1259 1644 1428 1683 secutus
1474 1641 1531 1683 sit
1573 1640 1621 1683 L.
1661 1640 1828 1684 Caelius

306 1710 536 1764 Antipater
583 1712 788 1753 traditum
832 1727 920 1754 non
966 1715 1040 1755 est.
1103 1712 1397 1755 Metrodorum
1444 1711 1665 1767 Scepsium
1716 1727 1829 1755 nouo

306 1794 460 1835 genere
493 1781 658 1824 dicendi
690 1783 906 1825 illustrem
938 1784 982 1825 in
1014 1784 1119 1826 Asia
1153 1784 1366 1826 audiuisse
1399 1785 1535 1826 fertur
1567 1784 1613 1826 L.
1646 1782 1826 1826 Crassus

305 1854 506 1906 quaestor
536 1855 646 1894 teste
680 1852 882 1896 Cicerone
915 1855 964 1896 de
998 1870 1057 1897 or.
1090 1853 1154 1896 ΙΙΙ
1185 1855 1253 1909 20,
1282 1855 1352 1896 75:
1399 1855 1556 1896 etenim
1595 1855 1648 1896 ad
1692 1855 1829 1897 claras

303 1922 434 1965 Asiae
466 1924 673 1966 uelabant
703 1925 830 1967 urbes
857 1926 930 1981 qui
957 1924 1220 1968 Graecorum
1253 1927 1366 1967 artes
1393 1926 1593 1968 liberales
1620 1927 1828 1981 tempori·

303 1995 382 2036 bus
413 1995 500 2036 illis
529 1995 713 2037 ediscere
740 1996 970 2039 studebant
998 1997 1123 2039 sicuti
1150 1996 1306 2039 Accius
1334 1995 1463 2052 (Gell.
1483 1996 1590 2038 XIII
1610 1998 1649 2051 2,
1670 1997 1716 2053 2)
1744 1998 1828 2039 alii.

422 2065 571 2122 Longe
610 2067 804 2110 diuersus
843 2068 1029 2123 scriptor
1067 2071 1159 2110 erat
1190 2067 1235 2110 L.
1263 2067 1412 2110 Aelius
1447 2067 1574 2123 Stilo,
1606 2068 1827 2110 familiari-

303 2139 393 2178 tate
421 2140 463 2179 et
488 2138 727 2180 studiorum
754 2139 965 2182 affinitate
992 2139 1241 2182 coniunctus
1269 2154 1364 2182 cum
1387 2138 1545 2191 Caelio,
1573 2140 1645 2195 qui
1667 2139 1825 2181 librum

305 2224 427 2250 suum
465 2209 567 2251 belli
605 2209 757 2252 Punici
797 2210 850 2252 ad
889 2211 1009 2252 illum
1052 2211 1219 2253 miserit
1257 2214 1300 2252 et
1338 2210 1383 2252 in
1420 2210 1641 2265 prooemio
1686 2211 1827 2265 operis

302 2280 419 2321 illius
465 2280 514 2322 de
561 2281 649 2323 stili
694 2281 759 2323 sui
803 2282 970 2323 ratione
1016 2282 1068 2324 ad
1114 2283 1284 2323 Aelium
1336 2281 1568 2336 scripserit.
1631 2281 1673 2323 Is
1717 2281 1827 2324 teste

305 2348 502 2393 Charisio
540 2367 579 2406 p.
607 2353 710 2407 129,
737 2352 789 2394 31
808 2367 923 2407 seqq.
963 2353 1154 2394 omnium
1192 2353 1354 2407 primus
1393 2352 1586 2406 linguam
1625 2352 1826 2394 Latinam

303 2421 356 2462 ad
395 2425 531 2463 certas
573 2423 778 2477 quasdam
823 2424 938 2478 leges
978 2423 1147 2479 exigere
1192 2425 1370 2465 conatus
1413 2437 1504 2464 esse
1543 2423 1712 2464 uidetur
1749 2439 1826 2465 nec

304 2493 442 2534 solum
470 2496 621 2548 poetas
647 2495 789 2549 legere
816 2497 858 2535 et
885 2494 1110 2536 emendare
1143 2494 1415 2549 grammatici
1447 2508 1538 2536 esse
1574 2494 1695 2536 duxit
1726 2495 1826 2536 fuit-

303 2578 382 2618 que
420 2565 582 2618 primus
628 2565 740 2606 inter
783 2564 964 2607 Latinos
1010 2565 1315 2621 grammaticus
1361 2565 1680 2607 Aristarcheus:
1723 2580 1824 2606 nam

303 2635 399 2676 illos
433 2636 674 2689 superiores
708 2636 878 2678 criticos
912 2637 1068 2679 rectius
1102 2636 1260 2678 dixeris
1295 2637 1361 2677 uel
1395 2636 1698 2691 grammaticos
1736 2643 1825 2677 τῶν

302 2705 378 2754 τὰς
415 2705 645 2760 ἀκροάσεις
683 2706 964 2762 ποιουμένων
997 2707 1165 2763 (Polyb.
1190 2706 1358 2749 XXXII
1384 2708 1423 2749 4.
1451 2708 1489 2762 6,
1515 2705 1572 2762 5).
1634 2706 1825 2748 Aristar-

303 2776 455 2817 cheum
494 2777 580 2818 dixi
613 2777 839 2820 Stilonem:
878 2793 977 2820 nam
1010 2778 1248 2821 Aristarchi
1286 2779 1402 2821 notis
1440 2792 1536 2819 eum
1577 2791 1700 2818 usum
1733 2792 1823 2820 esse

303 2846 347 2886 in
393 2847 742 2890 adnotationibus
787 2849 917 2890 Ennii
966 2852 1008 2890 et
1051 2849 1203 2891 Lucilii
1247 2851 1290 2890 et
1341 2849 1641 2890 historicorum
1692 2847 1823 2903 (quod
