2003 3116
710 128 1077 163 PROLEGOMENA.
1573 127 1655 168 147

139 236 204 277 illi
231 236 511 278 decreuerunt
536 237 728 279 rhetores
755 238 818 279 uti
844 252 898 279 ne
925 237 1087 279 Romae
1113 239 1257 279 essent
1290 236 1464 279 omnino
1497 251 1658 279 omnes.

138 307 288 363 Itaque
333 308 430 350 aliis
474 308 713 352 rationibus
752 311 991 352 commotus
1030 308 1209 351 Crassus
1246 308 1424 352 Latinos
1464 308 1656 351 rhetores

138 379 241 420 urbe
274 380 439 422 curauit
468 381 769 436 prohibendos,

257 450 414 493 Omnes
452 451 515 492 illi
552 452 623 506 qui
661 452 833 506 proprie
865 450 1022 493 Latina
1061 451 1202 493 studia
1233 453 1277 493 et
1306 452 1475 494 litteras
1508 466 1658 494 uerna·
1677 449 1923 512 ἓξῃξοξζζῗῇ

138 521 256 564 culas
299 537 402 578 prae
446 520 621 564 Graecis
672 523 829 564 litteris
873 522 1071 578 neglecta
1115 525 1158 564 et
1202 523 1379 565 excitari
1423 526 1466 564 et
1509 523 1656 580 augeri
1747 523 1852 549 amim-

138 592 302 636 Romae
347 593 568 647 uolebant,
612 592 677 634 illi
715 608 802 635 non
848 593 1090 635 nobilitati-s
1134 596 1257 635 erant
1295 593 1483 636 fautores
1522 595 1595 637 sed
1635 610 1659 636 a

137 667 259 719 parte
281 665 455 706 stabant
473 664 762 719 popularium.
806 664 950 706 Veluti
977 664 1255 720 palliatarum
1277 668 1472 707 auctores
1492 666 1658 708 Ennius

139 739 182 777 et
207 735 433 778 Terentius
459 736 672 778 nobilium
701 736 810 778 atria
835 735 1177 792 frequentarunt,
1207 738 1456 792 togatarum
1485 738 1659 793 scripto-

136 822 230 848 rum
256 808 433 850 nomina
459 807 662 849 Afranius
690 807 876 850 Titinius
903 808 1010 849 Atta
1040 806 1212 862 plebeia
1244 810 1345 849 sunt
1375 823 1513 863 neque
1546 810 1660 865 quis-

137 893 264 933 quam
314 879 544 921 memoriae
594 879 774 920 tradidit
822 879 1011 921 nobilem
1059 879 1245 934 aliquem
1289 879 1469 922 istorum
1518 881 1660 922 studia

135 950 308 992 fouisse.
359 949 620 1010 QuodAidem
651 966 727 993 usu
753 951 874 992 uenit
900 950 945 992 in
973 949 1126 992 studiis
1154 950 1398 993 rhetoricis:
1430 952 1659 1006 optimates

136 1021 250 1063 enim
287 1022 375 1064 illis
412 1021 457 1065 L.
491 1022 620 1064 Plotii
661 1021 813 1064 studiis
854 1022 1027 1064 minime
1067 1021 1225 1064 fauisse
1263 1022 1539 1065 manifestum
1583 1025 1658 1065 est.

135 1092 251 1135 Nam
277 1093 516 1136 doctissimi
542 1093 606 1135 illi
630 1093 840 1150 homines,
867 1108 1046 1149 quorum
1073 1093 1363 1136 contineretur
1387 1097 1488 1136 tunc
1516 1098 1658 1137 aucto-

135 1166 265 1207 rItate
292 1163 441 1207 Cicero
475 1167 647 1207 auctore
676 1164 790 1208 Suet.
818 1165 846 1208 l.
873 1180 904 1208 S.
938 1165 1029 1207 sine
1063 1165 1192 1207 dubio
1226 1167 1348 1207 erant
1374 1164 1519 1208 Crassi
1546 1166 1660 1207 Aelii

135 1261 191 1267 —
222 1251 323 1278 nam
356 1236 505 1279 Aelius
538 1237 768 1279 acerrimus
802 1236 1012 1279 nobilium
1045 1236 1190 1278 fautor
1223 1237 1389 1278 exstitit
1422 1262 1476 1266 —
1510 1236 1660 1292 Opillii

136 1309 207 1350 alii
235 1309 307 1364 qui
332 1307 558 1351 rhetoricis
593 1309 746 1351 studiis
778 1324 862 1351 non
896 1308 1211 1363 obtrectabant,
1243 1308 1412 1350 Latinis
1445 1309 1532 1350 illis
1564 1308 1660 1350 rhe-

133 1380 302 1422 toribus
349 1380 662 1424 obtrectabant.
724 1380 794 1422 Illi
839 1380 953 1422 enim
997 1380 1072 1435 qui
1117 1379 1301 1421 Athenis
1342 1379 1660 1436 Anaxagoram,

136 1451 209 1507 qui
251 1451 414 1494 Romae
459 1452 664 1494 Archiam
714 1467 811 1494 reos
861 1451 1056 1493 fecerunt
1105 1465 1189 1493 non
1234 1450 1541 1507 philosophum
1586 1456 1661 1494 aut

134 1525 308 1578 poetam
345 1523 468 1565 illum
508 1524 725 1579 petierunt
766 1523 839 1565 sed
873 1523 1115 1564 fautoribus
1150 1537 1295 1564 eorum
1328 1522 1484 1565 Pericli
1517 1526 1559 1565 et
1590 1522 1658 1564 Li-

134 1595 244 1637 cinio
264 1593 444 1637 Lucullo
470 1596 646 1651 negotia
670 1595 950 1637 facessebant.
998 1592 1141 1636 Crassi
1167 1608 1270 1635 uero
1298 1595 1492 1636 censorio
1520 1594 1659 1637 edicto

135 1681 237 1708 caue
267 1667 488 1721 putaueris
514 1669 687 1709 tenuem
713 1667 835 1708 illum
861 1666 1078 1708 rhetorem
1104 1666 1214 1720 peti:
1247 1663 1292 1707 C.
1312 1664 1508 1721 Marium,
1540 1666 1659 1709 cuius

134 1738 178 1779 in
205 1738 396 1780 amicitia
421 1737 587 1780 Plotius
614 1738 686 1780 ille
713 1738 808 1794 fuit,
841 1738 1046 1780 nobilitas
1073 1737 1150 1779 illo
1177 1736 1315 1778 edicto
1342 1737 1551 1780 insectata
1582 1740 1659 1779 est.

135 1808 295 1851 Marius
317 1809 429 1851 enim
451 1809 655 1852 Cicerone
676 1812 787 1852 teste
806 1824 884 1865 pro
905 1808 1067 1851 Archia
1089 1808 1127 1863 9,
1140 1809 1197 1850 20
1218 1807 1386 1850 ‘eximie
1407 1809 1450 1851 L.
1472 1809 1658 1852 Plotium

135 1879 300 1936 dilexit,
339 1881 457 1923 cuius
496 1881 670 1937 ingenio
708 1881 892 1937 putabat
931 1895 979 1922 ea
1019 1894 1127 1935 quae
1168 1880 1350 1935 gesserit
1387 1895 1513 1935 posse
1556 1881 1658 1922 celc-

133 1951 278 1995 brari'.
339 1952 460 1994 Desii
502 1953 698 1995 dubitare
739 1967 842 1995 num
885 1952 997 1994 idem
1040 1951 1171 1993 fuerit
1207 1951 1334 1993 Marii
1374 1952 1454 1993 iste
1497 1951 1658 1994 amicus

135 2026 262 2078 atque
294 2023 533 2066 rhetoricae
564 2024 745 2066 Latinae
779 2027 940 2079 auctor,
973 2038 1068 2065 cum
1102 2022 1298 2064 scholion
1323 2022 1659 2065 Ambrosianum

133 2094 320 2149 legerem
346 2095 405 2150 (p.
432 2096 516 2137 357
541 2094 596 2152 O)
631 2097 725 2138 loco
759 2096 822 2137 illi
856 2095 1138 2149 adscriptum:
1184 2093 1282 2135 ‘Hie
1306 2094 1469 2149 primus
1496 2094 1659 2136 Romae

135 2165 276 2207 studia
306 2166 461 2208 Latina
495 2166 688 2209 docuisse
726 2167 891 2209 fertur.'
955 2165 1091 2207 Sicuti
1128 2165 1264 2221 igitur
1295 2164 1341 2207 L.
1368 2165 1515 2207 Aelius
1551 2164 1659 2207 Stilo

135 2236 323 2279 Graecae
356 2237 626 2293 eloquentiae
657 2240 864 2294 patronus
898 2240 940 2279 et
976 2236 1219 2279 nobilitatis
1251 2236 1396 2278 fautor
1428 2237 1658 2279 acerrimus

136 2307 299 2350 Metelli
324 2308 542 2352 Numidici
569 2311 729 2352 amicus
757 2310 851 2365 fuit,
879 2310 942 2351 ita
967 2308 1012 2351 L.
1039 2307 1226 2350 Plotium
1253 2307 1492 2351 Romanam
1518 2308 1661 2350 rheto-

134 2380 266 2421 ricam
301 2380 540 2423 condidisse
573 2382 616 2423 in
650 2381 850 2424 clientela
876 2380 920 2423 C.
947 2379 1075 2422 Marii
1108 2379 1180 2435 qui
1212 2379 1532 2422 inimicissimus
1566 2383 1660 2422 erat

134 2450 322 2506 Metello,
348 2452 574 2509 ipsumque
601 2453 802 2508 Marium,
834 2467 959 2509 quem
992 2453 1332 2506 contemptorem
1361 2453 1403 2493 et
1434 2451 1659 2494 inrisorem

134 2522 357 2565 facundiae
391 2522 580 2566 Graecae
612 2525 829 2566 exstitisse
862 2526 1044 2579 constat,
1076 2538 1125 2565 eo
1161 2522 1367 2564 intentius
1401 2522 1555 2565 studiis
1589 2523 1658 2564 do-

134 2594 322 2636 mesticis
368 2598 410 2636 et
446 2594 583 2637 Musis
626 2611 726 2638 uere
765 2595 932 2637 Latinis
976 2595 1134 2636 fauisse
1177 2594 1264 2635 iam
1300 2594 1427 2648 plane
1466 2596 1659 2649 apparet.

135 2665 244 2715 Quid
286 2681 417 2721 porro
462 2667 602 2723 magis
653 2669 985 2710 consentaneum
1035 2679 1162 2721 quam
1208 2679 1306 2706 eum
1350 2664 1424 2719 qui
1474 2664 1658 2707 Graecas

133 2737 299 2780 litteras
337 2738 521 2781 nesciret
567 2753 838 2794 summopere
876 2753 946 2780 eas
988 2736 1224 2778 detrectare
1263 2735 1389 2777 sicuti
1432 2735 1514 2777 hoc
1552 2738 1658 2777 tem-

133 2824 238 2864 pore
275 2810 505 2852 nonnullos
542 2811 734 2852 uidemus
774 2810 912 2852 facere
953 2811 995 2850 et
1033 2823 1082 2850 ea
1121 2806 1396 2864 potissimum
1437 2807 1578 2849 studia
1617 2810 1659 2848 et

136 2894 292 2937 augere
320 2885 363 2924 et
395 2881 541 2925 fouere
568 2897 674 2939 quae
703 2882 876 2925 Graecis
908 2879 1065 2923 litteris
1091 2879 1200 2921 nihil
1225 2878 1502 2933 indigerent?
1545 2876 1658 2920 Nam

1305 2946 1375 2982 10³:
