2003 3116
324 151 408 191 :1312
851 149 914 180 AD
942 149 980 183 c.
1007 125 1293 182 HERENNOEM

435 258 527 299 Hac
573 256 881 298 exclamatione
928 257 963 298 si
1001 257 1096 298 loco
1149 259 1336 311 utemur,
1384 271 1500 311 raro,
1550 258 1592 298 et
1634 271 1728 298 cum
1773 264 1831 298 rei

319 327 571 383 magnitudo
604 327 824 381 postulare
857 327 1084 382 uidebitur,
1112 328 1163 369 ad
1196 342 1323 382 quam
1356 328 1547 369 uolemus
1579 327 1831 381 indignatio-

318 414 414 442 nem
447 399 637 440 animum
670 397 877 440 auditoris
910 398 1178 440 adducemus.

439 481 794 536 Interrogatio
838 496 925 523 non
968 482 1107 523 omnis
1153 481 1298 536 grauis
1343 483 1408 524 est
1443 495 1579 536 neque
1618 481 1833 535 concinna,

319 553 391 595 sed
446 553 571 607 haec,
627 567 756 608 quae,
811 567 906 594 cum
957 555 1203 595 enumerata
1254 555 1353 594 sunt
1403 567 1471 608 ea,
1521 567 1627 607 quae
1679 552 1835 594 obsunt
1873 567 1888 591 5

320 638 470 666 causae
503 623 862 675 aduersariorum,
902 624 1127 666 confirmat
1164 623 1424 679 superiorem
1464 623 1719 678 orationem,
1755 623 1835 666 hoc

319 697 466 751 pacto:

499 765 627 809 ‘Cum
654 767 786 822 igitur
812 767 917 809 haec
942 767 1086 808 omnia
1106 766 1280 817 faceres,
1308 766 1481 820 diceres,
1507 766 1837 821 administrares,

383 841 525 881 utrum
571 837 766 892 <animos
813 838 1025 880 sociorum
1077 838 1128 879 ab
1179 852 1224 878 re
1275 837 1446 891 publica
1496 838 1746 879 remouebas
1797 841 1839 879 et

382 910 669 965 abalienabas,
696 924 751 951 an
771 909 884 950 non?
913 911 955 951 et
984 909 1154 963 utrum>
1181 908 1366 964 aliquem
1392 909 1614 950 exornarei
1640 909 1840 964 oportuit,
1860 925 1894 949 10

382 981 455 1036 qui
487 981 619 1022 istaec
650 980 900 1036 prohiberet
932 995 982 1023 ac
1013 980 1105 1021 fieri
1136 995 1223 1021 non
1256 980 1432 1034 sineret,
1466 995 1520 1021 an
1552 979 1686 1022 non‘?'

255 1051 308 1093 16

442 1063 800 1106 Ratiocinatio
847 1065 930 1113 est,
975 1077 1051 1117 per
1096 1078 1224 1118 quam
1268 1063 1351 1117 ipsi
1395 1078 1420 1104 a
1463 1063 1586 1105 nobis
1631 1064 1839 1105 rationem

264 1122 308 1153 23

324 1136 556 1192 poscimus,
594 1149 723 1190 quare
756 1134 934 1188 quicque
968 1133 1175 1188 dicamus,
1208 1136 1250 1175 et
1282 1134 1427 1176 crebro
1459 1138 1628 1177 nosmet
1661 1150 1685 1176 a
1717 1135 1839 1176 nobis

324 1208 509 1263 petimus
541 1207 667 1249 unius
701 1205 902 1259 cuiusque
933 1205 1240 1259 propositionis
1273 1206 1630 1260 explanationem.
1681 1205 1746 1246 Ea
1778 1208 1842 1247 est

324 1278 586 1321 huiusmodi:
1863 1292 1894 1317 15

503 1360 710 1403 eMaiores
730 1360 869 1402 nostri
891 1360 927 1401 si
948 1374 1074 1415 quam
1096 1359 1221 1401 unius
1242 1359 1407 1414 peccati
1427 1360 1648 1401 mulierem
1669 1359 1841 1400 damna-

384 1434 511 1487 bant,
556 1432 740 1488 simplici
777 1431 934 1473 iudicio
973 1431 1206 1472 multorum
1251 1430 1556 1472 maleficiorum
1601 1430 1841 1473 conuictam

384 1505 605 1559 putabant.
675 1502 767 1552 Quo
811 1503 967 1558 pacto?
1035 1501 1172 1550 Quam
1214 1502 1457 1556 inpudicam
1496 1502 1751 1556 iudicarant,
1796 1517 1844 1543 ea

444 1645 467 1680 4
495 1643 648 1687 Quintil.
676 1643 724 1678 IX
745 1648 778 1687 3,
799 1646 842 1678 98
881 1643 1007 1678 Adicit
1045 1642 1102 1677 his
1141 1672 1147 1678 .
1176 1671 1183 1678 .
1212 1671 1218 1678 .
1248 1642 1464 1678 Cornificius
1501 1643 1844 1688 interrogationem,

330 1698 674 1741 ratiocinationem,
702 1695 988 1740 subiectionem,
1015 1696 1291 1741 transitionem,
1324 1697 1627 1742 occultationem,
1654 1700 1846 1742 praeterea

327 1751 561 1795 sententiam,
588 1751 805 1793 membrum,
833 1750 1019 1794 articulos,
1046 1749 1404 1795 interpretationem,
1427 1749 1713 1787 conclusionem.
1753 1752 1846 1794 Quo-

325 1818 408 1841 rum
435 1805 560 1850 priora
587 1803 739 1839 alterius
765 1801 913 1847 generis
940 1805 1025 1838 sunt
1050 1804 1251 1847 schemata,
1279 1802 1470 1847 sequentia
1489 1804 1677 1839 schemata
1697 1804 1845 1839 omnino

326 1871 399 1894 non
425 1859 509 1894 sunt
606 1857 628 1892 8
656 1856 845 1891 Demosth.
873 1856 918 1890 de
952 1867 1022 1891 cor.
1052 1861 1092 1891 71
1126 1854 1207 1891 ἀλλ’
1243 1855 1261 1891 ὁ
1288 1855 1356 1900 τὴν
1383 1853 1551 1903 Εὔβοιαν
1584 1853 1726 1897 ἐκεῖνος
1758 1869 1846 1901 σφε-

327 1911 560 1958 τεριζόμενος
596 1911 659 1946 καὶ
687 1941 692 1947 .
722 1939 763 1945 ..
802 1909 962 1954 πότερον
1000 1911 1119 1945 ταῦτα
1157 1907 1281 1944 πάντα
1321 1910 1440 1944 ποιῶν
1472 1907 1596 1954 ἠδίκει
1633 1909 1698 1944 καὶ
1735 1924 1845 1954 παρε-

327 1964 484 2001 σπόνδει
516 1964 580 2000 καὶ
613 1963 696 1999 ἔλυε
728 1961 795 2008 τὴν
829 1960 978 2008 εἰρήνην
1010 1959 1032 2008 ἢ
1065 1960 1128 2006 οὕς
1161 1963 1225 1998 καὶ
1257 1960 1416 2009 πότερον
1450 1964 1623 2007 φανῆναί
1656 1977 1741 1998 τινα
1772 1965 1845 1998 τῶν

321 2016 506 2064 Ἑλλήνων
531 2015 596 2052 τὸν
623 2017 742 2052 ταῦτα
768 2017 981 2052 κωλύσοντα
1012 2021 1135 2052 ποιεῖν
1169 2014 1285 2051 αὐτὸν
1313 2015 1424 2061 ἐχρῆν
1451 2011 1473 2060 ἢ
1503 2015 1572 2060 μής
1599 2016 1774 2061 (Demetr.
1801 2017 1845 2051 dc

327 2073 419 2108 eloe.
441 2075 508 2107 279
534 2071 638 2105 Alex.
664 2070 751 2116 περὶ
776 2082 880 2115 σχημ.
907 2070 972 2106 RG
998 2070 1083 2105 VIII
1104 2074 1171 2105 455
1198 2070 1246 2103 W
1270 2069 1321 2104 III
1347 2073 1391 2104 25
1413 2069 1461 2114 Sp
1489 2069 1610 2104 Tiber.
1637 2068 1721 2113 περὶ
1741 2082 1844 2114 σχημ.

325 2127 404 2161 ibid
429 2129 496 2160 542
517 2125 564 2158 W
586 2128 629 2158 65
651 2125 700 2168 Sp
728 2124 810 2169 alii)
836 2124 1048 2168 Spenyelius
1111 2123 1159 2158 12
1186 2124 1270 2158 uide
1289 2124 1338 2158 ad
1356 2126 1379 2158 4
1428 2122 1474 2158 17
1497 2123 1651 2165 Quintil.
1672 2123 1703 2158 V
1727 2127 1780 2167 11,
1802 2128 1845 2158 39

328 2179 366 2213 Si
399 2189 549 2213 causam
579 2176 750 2213 ueneficii
781 2176 882 2212 dicat
913 2176 1093 2222 adultera,
1119 2187 1192 2211 non
1217 2175 1264 2211 M.
1294 2176 1444 2210 Catonis
1476 2175 1612 2210 iudicio
1639 2175 1848 2211 damnanda

327 2233 515 2276 uideatur,
549 2231 612 2276 qui
643 2230 786 2266 nullam
819 2229 1027 2265 adulteram
1064 2242 1137 2266 non
1172 2230 1327 2265 eandem
1366 2240 1445 2264 esse
1490 2229 1692 2265 ueneficam
1728 2229 1847 2265 dixit?

329 2285 421 2321 conf.
456 2284 595 2319 Seneca
628 2285 789 2319 controu.
818 2282 885 2316 VII
906 2287 925 2317 3
947 2284 1031 2328 (18),
1049 2287 1069 2318 6

448 2428 470 2463 1
499 2429 535 2462 et
549 2437 605 2462 om
619 2425 676 2460 Η1
738 2425 761 2460 2
782 2425 929 2460 uidetur
947 2430 975 2459 E
1040 2426 1314 2471 ingenationem
1330 2426 1439 2461 P1B1
1466 2425 1800 2471 iucligninationem
1822 2429 1853 2464 G

329 2484 352 2518 3
373 2486 458 2529 post
485 2480 709 2515 adducemus
735 2479 809 2514 add
835 2479 978 2514 HPB:
1004 2479 1369 2515 INTERROGATIO
1396 2479 1658 2515 MEDIOCRIS
1742 2481 1766 2516 4
1792 2484 1849 2517 est

329 2548 403 2571 non
428 2533 535 2569 H¹b¹
633 2532 765 2567 ominis
791 2532 827 2566 B
911 2532 933 2566 5
961 2543 1055 2576 quae
1081 2543 1136 2568 om
1161 2534 1196 2568 B
1294 2544 1377 2568 cum
1403 2544 1486 2567 eum
1512 2533 1557 2567 H
1636 2534 1808 2568 enumeta
1827 2536 1847 2569 b

331 2591 354 2624 6
383 2586 723 2624 adnecessariorum
748 2586 792 2619 H
908 2585 1090 2621 rationem
1115 2587 1139 2621 d
1265 2586 1287 2621 S
1314 2585 1616 2620 administratum
1641 2585 1687 2619 H
1720 2587 1847 2621 ammi-

329 2643 507 2677 nistrares
533 2642 557 2676 d
620 2641 644 2675 9
669 2639 1007 2674 animos—utrum
1033 2650 1089 2675 om
1114 2643 1148 2673 Μ
1226 2651 1265 2675 re
1290 2652 1324 2684 p.
1349 2640 1391 2674 bl
1418 2639 1481 2673 .R.
1508 2638 1546 2673 P.
1574 2639 1598 2674 d
1672 2638 1721 2673 10
1746 2649 1847 2673 exor-

331 2697 410 2730 nari
436 2696 625 2740 (exornare
646 2693 687 2727 H
695 2693 718 2738 ¹)
737 2696 772 2725 M
798 2693 939 2728 exorari
961 2694 1003 2728 ld
1029 2694 1189 2728 exortari
1209 2694 1229 2728 b
1256 2692 1389 2728 exoriri
1409 2691 1584 2726 Halmius
1651 2691 1698 2725 11
1714 2691 1846 2727 istecE

332 2749 405 2783 ista
431 2748 518 2792 (ista
543 2747 599 2791 H)
626 2748 664 2781 et
688 2750 723 2779 M
807 2747 870 2792 an]
898 2747 937 2781 at
963 2747 1006 2781 H
1027 2757 1069 2781 ac
1094 2747 1148 2781 B1
1222 2750 1305 2792 post
1330 2756 1403 2780 non
1429 2746 1503 2780 add
1527 2744 1572 2778 H
1578 2744 1655 2778 PB
1686 2744 1848 2780 RATIO-

334 2800 525 2835 CINATIO
551 2799 815 2834 MEDIOCRIS
919 2799 967 2834 12
994 2801 1050 2835 est
1074 2811 1129 2835 om
1155 2800 1211 2834 Η1
1314 2799 1362 2834 13
1388 2796 1576 2843 posuimus
1611 2797 1655 2831 H
1748 2798 1850 2842 quic-

335 2865 405 2898 que
432 2854 475 2887 H
510 2852 618 2896 quiec
647 2852 683 2885 B
722 2852 903 2895 quicquae
931 2853 967 2886 P
1003 2853 1164 2896 quidque
1193 2852 1254 2887 ΟΕ
1293 2850 1473 2896 quidquid
1500 2852 1537 2883 Π
1642 2849 1688 2884 14
1714 2862 1847 2896 propo-

336 2907 488 2941 sitiones
516 2905 573 2938 H¹
634 2903 688 2938 Ea
713 2905 833 2939 P²CE
872 2904 986 2939 Facta
1000 2905 1079 2939 ΡΠ
1103 2906 1203 2941 facta
1223 2905 1306 2940 HR
1363 2904 1410 2939 16
1429 2914 1522 2938 unus
1543 2903 1618 2937 PB
1670 2904 1717 2938 18
1738 2916 1845 2948 quam
