2003 3116
364 211 418 252 89
924 207 1289 241 PROLEGOMENA.

367 318 581 373 Apollonii
609 316 818 370 syntaxin.
875 315 1108 369 Praecepta
1135 317 1277 356 autem
1305 313 1513 368 quaedam
1540 316 1613 354 aut
1639 313 1877 356 doctrinam

362 389 618 430 rhetoricam
651 386 845 427 homines
870 385 1055 427 Romani
1080 399 1314 439 numquam
1345 385 1577 425 nouarunt:
1609 399 1661 424 ne
1686 384 1877 426 rhetores

364 459 545 513 quidem,
578 457 649 512 qui
680 453 1006 511 profitebantur,
1037 456 1192 497 nedum
1218 455 1338 510 pueri
1367 455 1432 496 illi
1466 456 1540 496 aut
1571 454 1879 496 adulescentuli

362 529 433 583 qui
465 528 842 569 commentariolos
876 542 976 569 suos
1010 527 1156 569 sedulo
1189 526 1510 568 elucubrabant.

480 598 597 648 Quae
630 599 755 640 modo
789 599 839 640 de
871 599 993 640 libris
1027 598 1077 639 de
1110 598 1194 640 inu.
1228 598 1423 653 exposui,
1460 597 1606 639 eadem
1638 597 1781 639 omnia
1813 611 1880 638 ca—

363 670 467 711 dunt
505 671 548 711 in
587 670 844 712 rhetoricam
884 670 936 712 ad
975 669 1248 711 Herennium.
1311 669 1376 710 De
1421 683 1504 723 qua
1543 669 1616 709 uix
1654 668 1880 724 quicquam

361 741 502 795 potuit
525 741 658 783 statui
684 741 926 796 peruersius
948 756 1075 796 quam
1102 741 1206 782 illud
1234 740 1345 795 quod
1373 740 1526 781 statuit
1552 755 1635 781 van
1654 738 1880 780 Heusdeus

362 812 567 867 scriptam
595 827 690 854 eam
716 827 809 854 esse
836 813 889 855 ab
917 813 1038 854 Aelio
1068 810 1233 853 Stilone
1261 826 1373 865 sene,
1400 811 1704 864 eruditissimo,
1724 809 1881 862 Stoico,

361 883 571 925 nobilium
604 884 771 926 fautore
805 884 1030 927 acerrimo:
1062 899 1160 925 nam
1194 883 1436 938 conscripta
1463 884 1527 924 est
1553 882 1605 923 ab
1640 881 1881 924 adulescen-

361 955 453 997 tulo
491 956 722 997 immaturo
762 958 804 997 et
842 956 946 998 satis
984 955 1178 1009 indocto,
1216 955 1261 996 in
1298 969 1381 1010 qua
1415 952 1549 995 Stoici
1587 955 1630 994 et
1669 953 1883 995 dialectici

361 1026 553 1069 ridentur
594 1030 637 1069 et
675 1029 1025 1078 contemnuntur,
1069 1027 1235 1068 nobiles
1273 1028 1444 1067 tantum
1482 1039 1567 1065 non
1610 1024 1882 1066 acerbissime

298 1136 301 1140 .
361 1098 680 1153 impugnantur.
750 1098 889 1153 Atque
935 1098 1136 1153 quoniam
1182 1097 1329 1139 statim
1376 1095 1740 1138 demonstrabitur
1789 1110 1881 1137 eam

363 1184 454 1211 esse
488 1170 693 1224 σχολικὸν
719 1169 955 1224 ὑπόμνημα
982 1184 1059 1211 nos
1085 1170 1129 1210 in
1155 1169 1264 1210 libro
1292 1167 1517 1209 tractando
1545 1167 1691 1208 eadem
1717 1167 1881 1209 ratione

362 1255 445 1295 qua
484 1256 611 1296 supra
650 1242 715 1282 usi
759 1256 903 1283 sumus
943 1243 1178 1282 statuemus
1225 1239 1369 1281 omnia
1411 1241 1639 1294 praecepta
1677 1239 1754 1280 illa
1792 1240 1883 1280 arte

362 1312 669 1366 comprehensa
702 1327 788 1354 11011
822 1312 1042 1367 scriptoris
1076 1311 1149 1353 sed
1188 1311 1385 1359 tradentis
1425 1325 1534 1364 esse,
1571 1310 1755 1352 rhetoris
1789 1310 1881 1352 dico

361 1382 507 1425 Latini
539 1384 611 1438 qui
643 1399 788 1426 rursus
822 1384 996 1426 minime
1028 1383 1252 1424 tradiderit
1278 1397 1370 1424 eam
1399 1397 1523 1437 quam
1558 1381 1647 1436 ipse
1672 1382 1884 1423 inuenerit

365 1454 604 1497 doctrinam
634 1456 704 1497 sed
733 1455 836 1497 artis
864 1447 1294 1497 cuiusdam'Graeeae
1320 1456 1548 1508 praecepta
1576 1453 1768 1495 docuerit
1792 1467 1884 1495 uer-

362 1526 427 1567 bis
461 1525 637 1568 Latinis.
700 1527 840 1581 Atque
878 1527 1063 1581 primum
1102 1526 1272 1581 quidem
1309 1525 1469 1566 librum
1509 1524 1633 1566 illum
1675 1524 1882 1579 σχολικὸν

363 1612 453 1639 esse
492 1597 727 1653 ὑπόμνημα
765 1612 901 1653 neque
940 1598 1099 1639 maturi
1139 1597 1210 1639 sed
1251 1596 1537 1639 adulescentis
1576 1596 1738 1652 ingenii
1777 1611 1882 1651 opus

363 1670 509 1710 multis
544 1670 648 1711 locis
681 1670 793 1711 clare
820 1672 1009 1725 apparet.
1061 1670 1209 1724 Neque
1237 1669 1348 1710 enim
1375 1668 1599 1722 quisquam
1627 1668 1882 1722 scriptorum

364 1740 618 1783 Latinorum
646 1741 842 1782 similiter
869 1755 960 1783 sese
988 1755 1166 1796 puerum
1193 1740 1330 1782 adhuc
1357 1754 1449 1781 esse
1474 1739 1737 1794 significauit
1756 1753 1883 1794 quam

363 1812 434 1853 ille
474 1812 525 1854 ad
566 1812 667 1854 Her.
699 1812 718 1853 I
754 1813 894 1868 11,18
934 1812 1002 1854 his
1046 1812 1208 1854 uerbis:
1252 1810 1510 1854 ‘Causarum
1556 1810 1882 1852 constitutiones

364 1883 436 1924 alii
475 1886 677 1938 quattuor
715 1884 923 1926 fecerunt:
962 1886 1110 1925 noster
1149 1883 1297 1925 doctor
1335 1886 1421 1924 tres
1460 1882 1633 1937 putauit
1671 1896 1763 1923 esse
1795 1896 1883 1922 non

364 1957 410 1996 ut
448 1955 497 1996 de
536 1955 706 1996 illorum
740 1955 966 2010 quicquam
999 1955 1244 1996 detraheret
1276 1953 1527 1996 inuentione
1561 1952 1633 1994 sed
1665 1955 1713 1994 ut
1745 1955 1884 1994 osten-

365 2026 481 2067 deret
518 2027 560 2068 id
599 2026 712 2080 quod
745 2027 1005 2081 oportuisset
1038 2026 1289 2081 simpliciter
1323 2040 1370 2067 ac
1410 2025 1617 2080 singulari
1652 2024 1778 2066 modo
1812 2024 1883 2065 do-

365 2112 472 2151 cere,
511 2098 609 2139 illos
649 2097 918 2139 distribuisse
958 2098 1183 2152 dupliciter
1215 2112 1262 2139 ac
1301 2094 1534 2152 bipertito.9
1584 2094 1668 2137 Fac
1702 2094 1884 2137 M.Cice-

363 2184 513 2211 ronem
550 2169 595 2210 in
636 2169 795 2224 scripto
835 2169 978 2224 aliquo
1018 2169 1122 2211 haec
1161 2169 1222 2210 ita
1262 2168 1474 2223 posuisse:
1521 2167 1671 2222 quodsi
1714 2166 1886 2208 fecisset

365 2241 526 2295 scripta
571 2255 619 2281 ea
658 2255 750 2282 esse
789 2256 813 2282 a
853 2239 1056 2282 Cicerone
1096 2240 1352 2282 scholastico
1393 2241 1437 2281 et
1476 2238 1703 2280 admodum
1743 2238 1883 2280 adule—

365 2311 556 2353 scentulo
579 2312 651 2366 qui
676 2311 785 2352 nihil
806 2311 890 2353 nisi
915 2312 1124 2353 tradentis
1151 2314 1380 2366 praecepta
1405 2313 1553 2365 posset
1579 2310 1884 2352 transscribere

366 2373 639 2424 uehementer
695 2383 918 2424 decurtata
974 2383 1153 2437 quilibet
1207 2383 1331 2424 facile
1385 2382 1598 2423 iudicaret.
1672 2380 1785 2422 Nam
1835 2394 1885 2421 ea

366 2469 472 2509 quae
505 2456 756 2508 praeceptor
789 2453 969 2495 Latinus
1003 2453 1166 2495 Graeca
1206 2469 1282 2495 sua
1323 2456 1414 2494 arte
1453 2467 1552 2494 usus
1588 2452 1760 2493 uberius
1790 2445 1883 2493 'sine

366 2525 493 2567 dubio
534 2525 583 2566 de
623 2525 698 2566 illa
737 2525 846 2566 falsa
883 2525 1118 2579 partitione
1163 2527 1437 2579 exposuerat,
1483 2538 1532 2565 ea
1575 2523 1619 2564 in
1664 2523 1787 2564 libris
1832 2523 1884 2564 ad

364 2596 466 2638 Her.
499 2611 711 2652 nusquam
744 2597 957 2652 leguntur.
1019 2596 1136 2637 Idem
1167 2595 1230 2638 IV
1257 2595 1325 2651 56,
1346 2596 1400 2637 69
1440 2609 1530 2637 sese
1562 2594 1757 2637 nonnihil
1787 2609 1883 2649 pro—

364 2667 516 2709 fecisse
550 2668 593 2708 in
626 2668 840 2709 rhetorica
874 2668 1021 2709 schola
1052 2668 1118 2709 his
1144 2668 1286 2709 uerbis
1321 2667 1486 2708 scribit:
1520 2665 1648 2707 ‘Nam
1682 2668 1724 2707 et
1756 2666 1883 2707 simul

365 2740 547 2781 libenter
574 2753 841 2780 exerceamur
867 2742 1044 2795 propter
1066 2739 1313 2793 amicitiam,
1339 2738 1458 2780 cuius
1485 2737 1653 2779 initium
1681 2737 1882 2792 cognatio

364 2811 490 2863 facit,
533 2814 672 2852 cetera
715 2810 1013 2865 philosophiae
1057 2811 1168 2852 ratio
1213 2810 1502 2863 confirmabit,
1546 2811 1589 2849 et
1630 2809 1755 2849 nobis
1796 2823 1882 2850 non

367 2881 598 2922 diffidimus
637 2885 865 2936 propterea
905 2882 1017 2936 quod
1057 2885 1098 2923 et
1136 2881 1446 2936 aliquantulum
1491 2880 1796 2935 processimus,
1841 2881 1883 2920 et

367 2951 449 2992 alia
481 2956 580 2992 sunt
613 2952 805 3006 meliora,
845 2968 951 3007 quae
991 2954 1122 2994 multo
1156 2954 1363 2994 intentius
1404 2951 1588 3006 petimus
1628 2951 1669 2992 in
1708 2952 1797 2993 uita
1835 2953 1882 2991 ut
