2003 3116
657 141 1024 174 PROLEGOMENA.
1537 136 1591 178 83

78 249 246 291 etiamsi
279 264 364 292 non
402 249 722 305 peruenerimus
760 250 800 290 in
842 249 1039 303 dicendo,
1081 263 1164 303 quo
1205 248 1419 302 uolumus,
1460 262 1594 302 parua

76 335 177 375 pars
221 321 336 362 uitae
379 321 718 376 perfectissimae
760 319 1047 362 desideretur?
1111 319 1274 369 Quibus
1318 318 1462 360 uerbis
1505 332 1591 359 non
1611 316 1879 384 {erpffigssffpsslia

76 392 211 433 utitur
242 392 388 434 rhetor
420 393 589 448 aliquis,
628 392 700 434 sed
737 391 774 432 is
808 392 927 433 cuius
960 405 1202 433 successum
1234 391 1440 446 magister
1471 389 1592 431 scho-
1702 391 1771 414 Her·

76 464 141 504 lae
186 463 424 505 rhetoricae
468 463 594 505 modo
639 462 854 513 laudarat,
900 463 972 518 qui
1017 462 1166 504 schola
1210 461 1424 503 rhetorica
1468 460 1594 503 modo

76 535 225 576 relicta
258 549 352 575 cum
385 533 684 589 philosophiae
719 547 890 588 operam
924 534 997 574 dat
1037 533 1158 574 illam
1192 533 1461 586 disciplinam
1495 532 1596 573 didi-

77 605 134 646 cit
166 607 436 647 contemnere
467 619 569 660 prae
605 619 717 646 noua
756 606 799 645 et
829 604 1160 659 praestantiore.
1225 602 1358 645 Sicuti
1397 605 1440 644 in
1482 604 1597 644 exitu

76 676 216 731 operis
249 676 309 717 ita
341 676 385 716 in
417 676 542 717 initio
576 689 668 717 sese
707 675 769 716 ‘id
809 675 950 730 ipsum
984 674 1094 729 quod
1128 674 1252 715 datur
1285 675 1361 715 otii
1392 674 1596 715 libentius

75 747 118 788 in
169 746 444 801 philosophia
495 746 763 789 consumere'
808 752 1043 788 ‘consuesse
1095 746 1255 787 scribit,
1328 745 1598 800 Quapropter

76 832 154 860 nos
188 833 284 859 eum
317 818 461 859 eadem
495 817 582 859 fere
615 819 755 859 aetate
788 816 920 859 fuisse
955 819 1190 858 statuemus
1219 831 1302 871 qua
1330 815 1498 857 Persius
1526 818 1597 872 qui

75 890 225 932 relicta
251 889 450 945 Verginii
483 889 605 930 Flaui
638 889 785 930 schola
816 903 951 930 annos
984 890 1109 929 natus
1142 887 1250 935 XVI,
1277 887 1328 928 ad
1363 886 1596 929 Cornutum

76 960 380 1015 philosophum
409 975 452 1002 se
480 960 661 1002 contulit
683 958 815 1015 (Suet.
835 975 874 1014 p.
897 958 1018 1014 7313)
1040 962 1081 1000 et
1091 958 1312 1013 Vergilius
1340 959 1411 1013 qui
1438 959 1598 1014 Hippo-

75 1035 226 1074 nacteo
265 1032 341 1073 illo
379 1031 676 1087 propemptico
714 1033 964 1085 prosecutus
1005 1034 1069 1071 est
1113 1030 1305 1071 scholam
1344 1030 1597 1072 rhetoricam

77 1103 202 1145 modo
234 1103 427 1145 relictam
460 1103 572 1158 apud
608 1102 913 1144 Baehrensium
987 1101 1067 1143 LM
1100 1101 1141 1142 ll
1174 1117 1212 1156 p.
1238 1101 1338 1143 165:
1380 1100 1466 1142 eIte
1497 1101 1598 1141 hinc

76 1175 236 1227 inanes,
262 1175 320 1215 ite
346 1175 568 1216 rhetorum
596 1174 809 1229 ampullae
836 1174 937 1214 infla
963 1188 987 1214 a
1014 1187 1108 1214 rore
1135 1188 1221 1214 non
1249 1172 1436 1214 Achaico
1466 1173 1597 1213 uerba

77 1278 86 1287 .
108 1279 116 1286 .
138 1279 146 1287 .
173 1245 527 1288 scholasticorum
561 1245 679 1286 natio
713 1245 888 1286 madens
915 1244 1077 1300 pingui,
1110 1244 1166 1284 ite
1200 1244 1301 1284 hinc
1328 1244 1452 1284 inane
1486 1258 1598 1298 cym-

76 1317 207 1359 balon
238 1317 472 1359 iuuentutis
494 1352 502 1359 .
523 1349 532 1358 .
554 1351 562 1358 .
582 1331 661 1358 nos
689 1316 742 1357 ad
768 1316 884 1357 beati
911 1316 1006 1357 uela
1032 1315 1245 1356 mittimus
1273 1317 1422 1370 portus
1451 1315 1597 1369 magni

76 1390 269 1442 petentes
308 1389 434 1430 docta
467 1387 580 1429 dicta
607 1386 771 1429 Sironis
800 1388 1020 1442 uitamque
1048 1386 1101 1428 ab
1134 1386 1252 1428 omni
1284 1386 1598 1428 uindicabimus

77 1458 202 1501 cura?
259 1459 326 1501 En
365 1460 497 1501 habes
541 1459 676 1500 uitam
716 1459 837 1500 illam
882 1458 1236 1512 perfectissimam
1282 1472 1408 1512 quam
1454 1457 1599 1498 laudat

77 1531 260 1586 scriptor
285 1532 310 1572 1.
332 1546 380 1572 s.:
412 1531 569 1572 etenim
596 1529 870 1571 Philodemus
898 1530 1020 1571 docet
1044 1528 1281 1583 Epicureus
1309 1529 1359 1569 de
1386 1529 1596 1570 rhetorica

77 1602 174 1643 edit.
202 1601 409 1644 Sudhaus.
435 1617 474 1656 p.
495 1601 592 1652 250,
613 1602 668 1642 29
701 1608 789 1642 τῶν
817 1598 864 1642 δὲ
891 1600 1092 1655 ῥητόρων
1118 1600 1143 1654 ἡ
1171 1599 1298 1655 τέχνη
1331 1600 1439 1654 πρὸς
1466 1597 1599 1641 οὐδὲν

76 1671 371 1716 ἐπιδείκνυται
398 1680 487 1715 τῶν
514 1674 576 1722 εἰς
601 1672 816 1727 μακάριον
843 1674 943 1726 βίον
970 1671 1225 1726 ἀνηκόντων
1252 1671 1598 1726 χρησιμεύουσαε

80 1745 190 1787 conf.
220 1761 260 1800 p.
286 1745 384 1800 260,
407 1746 474 1787 11.
524 1744 735 1786 Nimirum
768 1744 943 1798 Epicuri
981 1744 1219 1798 praeceptis
1260 1743 1512 1798 scriptorem
1546 1743 1597 1784 ad

76 1815 178 1857 Her.
205 1832 378 1872 operam
412 1816 577 1857 dedisse
610 1831 706 1858 cum
738 1815 832 1857 ideo
868 1816 924 1856 sit
955 1815 1193 1870 probabile,
1227 1814 1339 1870 quod
1372 1815 1479 1856 nulli
1514 1815 1598 1855 illis

75 1888 340 1943 temporibus
379 1888 546 1929 haeresi
582 1888 726 1943 plures
764 1902 840 1942 per
878 1889 1015 1928 totam
1049 1886 1221 1928 Italiam
1256 1901 1346 1927 sese
1381 1886 1628 1959 dederant>¹

74 1961 165 2001 tum
199 1960 330 2001 uerba
372 1959 448 2001 illa
479 1975 558 2001 nos
591 1958 981 2001 commonefaciunt
1012 1972 1160 1999 uersus
1193 1957 1382 1999 Lucretii
1414 1957 1480 1998 III
1513 1959 1630 1999 323¹

75 2030 139 2072 ‘ut
170 2031 230 2072 nil
262 2031 468 2085 impediat
500 2031 673 2086 dignam
707 2030 770 2071 dis
804 2030 959 2084 degere
990 2028 1140 2071 uitam’
1169 2027 1297 2085 (conf.
1324 2029 1361 2069 V
1393 2027 1525 2085 1152>
1558 2016 1617 2091 etl

76 2102 253 2156 Epicuri
293 2102 430 2157 ipsius
468 2102 682 2156 praeconii
720 2101 780 2156 (p.
815 2102 870 2142 66
910 2101 1008 2142 edit.
1035 2099 1218 2155 Usener)
1265 2101 1404 2154 ζήσεις
1449 2098 1495 2141 δὲ
1541 2095 1617 2150 ὡςῖ

78 2171 185 2221 θεὸς
216 2171 264 2213 ἐν
293 2172 560 2227 ἀνθρώποις.
593 2169 732 2214 οὐθὲν
758 2172 841 2227 γὰρ
875 2173 988 2214 ἔοικε
1013 2175 1164 2229 θνητῷ
1194 2172 1284 2228 ζώῳ
1314 2173 1397 2222 ζῶν
1423 2172 1597 2226 ἅνθρω»

76 2257 158 2293 πος
190 2242 237 2285 ἐν
271 2243 511 2294 ἀθανάτοις
543 2243 740 2298 ἀγαθοῖς.
793 2243 971 2285 Accedit
1003 2243 1114 2297 quod
1142 2244 1221 2284 1.s.
1248 2243 1479 2284 amicitiam
1506 2246 1597 2284 tan-

79 2317 227 2370 topere
261 2316 532 2357 commendat
564 2319 606 2357 et
635 2316 680 2357 in
712 2315 950 2370 praeceptis
987 2315 1193 2356 nonnulla
1226 2317 1300 2355 aut
1333 2330 1357 2355 a
1388 2315 1612 2370 magistros

76 2386 237 2429 tradita
280 2387 483 2429 tolerauit
528 2391 602 2429 aut
645 2387 736 2442 ipse
781 2387 963 2428 inseruit
1001 2401 1106 2441 quae
1147 2401 1197 2427 ex
1234 2385 1411 2441 Epicuri
1450 2369 1614 2488 schola&

78 2458 269 2512 profecta
295 2473 387 2500 esse
413 2459 653 2513 uideantur,
682 2459 801 2500 cuius
829 2460 1061 2500 sectatores
1087 2457 1220 2499 fuisse
1247 2457 1358 2499 inter
1385 2471 1615 2512 gramma,

77 2529 184 2571 ticos
218 2528 475 2584 Pompilium
515 2529 806 2572 Andronicum
846 2532 888 2570 et
928 2528 1090 2570 Aurelii
1129 2528 1274 2583 Opillii
1313 2529 1384 2583 qui
1421 2528 1619 2569 rhetori-'

77 2615 173 2642 cam
205 2615 372 2656 quoque
404 2601 586 2643 docebat
617 2604 848 2656 patronum
879 2600 1011 2641 tradit
1044 2598 1156 2641 Suet.
1190 2600 1239 2640 de
1273 2613 1454 2655 gramm.
1487 2600 1524 2640 6.
1558 2600 1595 2641 8.

77 2671 187 2713 Nam
221 2671 492 2714 acerbissime
526 2672 708 2726 scriptor
740 2671 791 2713 ad
818 2670 919 2713 Her.
945 2670 1165 2712 inuehitur
1196 2671 1239 2711 in
1273 2671 1519 2712 dialecticos
1552 2670 1597 2711 II

78 2743 145 2797 11,
167 2742 220 2784 16
247 2743 321 2784 ubi
346 2742 551 2797 ‘Verum'‚
576 2743 728 2798 inquit,
754 2741 924 2784 ‘horum
948 2742 1133 2797 pueriles
1160 2741 1384 2797 opiniones
1410 2741 1596 2783 rectissi—

78 2814 159 2854 mis
185 2814 424 2856 rationibus
453 2829 547 2857 cum
575 2815 695 2856 uoles
721 2813 992 2855 refellemus?
1040 2812 1175 2868 Atqui
1194 2813 1394 2868 Epicurei
1421 2816 1596 2855 auctore

77 2883 214 2927 Laert.
241 2885 367 2941 Diog.
393 2885 432 2927 X
452 2886 505 2928 31
540 2886 620 2940 τὴν
654 2885 930 2939 διαλεκτικὴν
962 2885 1020 2934 ὡς
1050 2882 1357 2941 παρέλκουσαν
1389 2884 1595 2927 ἀποδοκι-

1262 2954 1312 2989 6*
