2003 3116
361 189 415 229 62
928 186 1296 220 PROLEGOMENA.

360 301 449 338 cule
476 295 716 336 Timolaum
751 293 822 347 qui
855 292 933 333 sub
962 292 1193 332 Aureliano
1227 292 1360 333 libros
1395 292 1448 333 ad
1480 292 1582 335 Her.
1618 293 1880 348 conscripse-

359 368 424 407 rit.
463 365 613 418 Itaque
639 378 735 405 cum
761 363 838 403 illa
864 364 1119 417 argumenta
1142 363 1295 416 quibus
1323 362 1451 404 euicit
1471 361 1688 404 Ciceronis
1723 363 1880 405 librum

359 452 443 477 non
476 449 566 476 esse
600 438 641 475 et
681 433 854 488 egregia
895 434 984 473 sint
1023 435 1064 473 et
1101 433 1225 474 firma
1264 436 1307 474 et
1345 433 1511 488 grauia,
1548 433 1653 474 haec
1691 448 1798 488 quae
1829 435 1878 475 de

358 506 532 547 nomine
575 504 665 546 ueri
711 503 896 545 auctoris
942 505 1167 558 proposuit
1211 506 1259 545 ut
1307 504 1484 546 confusa
1529 506 1726 546 contorta
1770 504 1880 546 falsa

358 577 510 618 merito
532 575 795 617 deridentur:
828 590 935 630 quae
963 588 1042 628 ego
1071 575 1196 616 modo
1224 575 1355 616 tacite
1383 575 1734 617 adnotationibus
1755 574 1881 630 Regii

358 649 401 688 in
428 647 738 696 Quintilianum
771 646 1008 700 adsumptis
1036 660 1141 700 quas
1168 646 1439 688 Burmannus
1465 646 1596 701 praef.
1622 646 1667 687 in
1692 646 1800 688 rhet.
1828 647 1880 687 ad

358 718 456 761 Her.
477 734 516 773 p.
538 717 611 759 XI.
631 717 716 759 XII
742 717 890 758 laudat
915 717 977 758 ita
1004 718 1180 771 correxi,
1206 721 1254 758 ut
1279 718 1473 773 intellegi
1501 717 1670 772 quidem
1697 718 1880 772 possint.

358 788 470 830 Nam
508 789 669 845 Regius
714 789 755 830 in
803 788 1103 830 dissertatione
1143 803 1174 829 s.
1215 803 1246 830 s.
1286 788 1541 843 exemplaris
1581 788 1879 843 Gottingensis

358 860 430 902 fol.
462 859 724 915 paenultimo
757 875 806 900 r.:
846 858 1079 913 ‘Minime'‚
1118 859 1276 914 inquit,
1311 859 1478 901 ‘tamen
1509 859 1553 900 id
1588 862 1652 900 est
1683 860 1880 901 dissimu-

359 931 532 973 landum
567 931 677 986 quod
712 931 818 972 mihi
850 930 1015 985 pridem
1048 945 1143 972 cum
1177 931 1341 985 paduae
1377 930 1619 985 profiterer:
1657 931 1878 985 uulgatum

359 1002 530 1056 quidam
564 1006 831 1056 exceperunt.
883 1000 1157 1044 Cornificium
1198 1002 1398 1044 uidelicet
1434 1002 1552 1043 illius
1593 1002 1787 1056 opusculi
1819 1002 1880 1042 id-

359 1074 469 1115 circo
503 1076 721 1115 auctorem
755 1073 892 1114 uideri
923 1073 1035 1127 quod
1062 1072 1219 1114 Fabius
1248 1073 1536 1122 Quintilianus
1564 1088 1657 1114 eam
1687 1076 1879 1115 statuum

359 1145 631 1187 diuisionem:
677 1159 725 1185 ac
763 1144 971 1199 quaedam
1017 1144 1118 1185 alia:
1163 1158 1272 1198 quae
1310 1144 1355 1184 in
1393 1144 1620 1185 rhetoricis
1661 1145 1712 1185 ad
1752 1143 1881 1185 Here-

359 1217 477 1258 nium
519 1217 738 1271 leguntur:
784 1214 1013 1257 Cornificio
1055 1215 1139 1269 ipsi
1178 1213 1380 1256 ascribit?
1430 1213 1482 1255 In
1528 1215 1679 1268 quibus
1724 1229 1880 1257 nomen

362 1287 559 1343 Verginii
592 1287 697 1328 satis
731 1287 836 1327 mire
864 1301 961 1330 cum
987 1286 1158 1327 nomine
1187 1284 1406 1327 Cornificii
1432 1286 1475 1326 in
1503 1300 1635 1326 unum
1661 1286 1882 1327 conflauit:

362 1360 469 1400 conf.
503 1358 680 1406 Quintil.
707 1357 771 1399 ΠΙ
792 1358 830 1412 6,
850 1357 919 1398 45.
983 1357 1106 1406 Quod
1139 1371 1218 1412 ego
1252 1371 1301 1398 ea
1334 1356 1385 1397 de
1417 1371 1546 1398 causa
1581 1357 1730 1411 miror,
1770 1358 1881 1412 quod

359 1430 577 1471 hominem
614 1430 659 1470 in
698 1429 778 1470 hac
815 1429 909 1483 ipsa
949 1442 994 1469 re
1034 1443 1116 1483 qua
1155 1429 1205 1469 de
1244 1427 1559 1469 studiosissime
1602 1429 1747 1482 agitur
1791 1432 1881 1469 tam

360 1501 547 1555 grauiter
580 1515 722 1541 errare
755 1499 917 1555 ingenii
959 1514 1050 1540 esse
1083 1499 1253 1540 uidetur
1286 1499 1459 1540 minime
1493 1500 1662 1541 subtilis
1697 1502 1738 1540 et
1770 1500 1883 1541 acuti

359 1587 437 1613 nec
468 1573 612 1626 placet
643 1570 955 1625 orthographia
990 1570 1189 1611 uocabuli
1221 1570 1428 1611 Her-emus
1466 1570 1551 1611 iam
1588 1570 1632 1611 in
1674 1572 1883 1625 exempla»

360 1644 477 1685 ribus
511 1658 623 1684 anno
659 1643 771 1683 1476
804 1642 1025 1696 impressis
1058 1642 1231 1682 euitata.
1283 1639 1362 1682 Sed
1396 1641 1468 1682 ille
1501 1641 1570 1696 qui
1605 1642 1777 1697 scripsit
1804 1642 1883 1683 Re-

361 1715 479 1769 gium
517 1715 702 1769 primum
742 1713 926 1754 sensisse
960 1711 1180 1754 Ciceronis
1219 1712 1325 1753 illud
1357 1727 1462 1766 opus
1496 1727 1587 1754 esse
1620 1728 1705 1755 non
1746 1728 1883 1767 posse,

361 1787 398 1828 is
435 1786 502 1827 his
541 1786 685 1827 uerbis
724 1785 940 1840 significat
979 1798 1070 1825 sese
1103 1783 1229 1839 Regii
1269 1784 1613 1825 dissertationem
1649 1799 1881 1839 numquam

361 1858 530 1898 uidisse.
594 1856 674 1905 Qui
706 1856 731 1896 l.
765 1871 797 1897 s.
829 1856 903 1897 fol.
942 1855 1306 1909 antepaenultimo
1340 1870 1371 1895 r.
1404 1855 1508 1896 haec
1548 1856 1714 1897 scribit:
1753 1854 1882 1897 ‘Cum

362 1928 474 1969 enim
506 1927 764 1970 Laurentius
799 1926 928 1968 Valla
965 1941 1172 1981 perquam
1211 1927 1298 1968 acri
1337 1927 1404 1967 uir
1436 1927 1591 1968 iudicio
1625 1927 1807 1981 quodam
1841 1928 1883 1967 in

362 2000 509 2041 libello
549 2002 713 2041 asserat
751 1999 1003 2052 opusculum
1041 1998 1146 2038 illud
1193 1998 1265 2038 uix
1304 1998 1507 2039 Cicerone
1552 2012 1643 2038 esse
1689 1998 1883 2052 dignum:

363 2073 405 2111 et
449 2070 620 2124 quidam
666 2071 776 2111 citra
821 2083 990 2110 omnem
1036 2083 1181 2110 eorum
1227 2083 1333 2123 quae
1374 2072 1526 2110 contra
1566 2069 1648 2109 dici
1689 2071 1885 2122 possent:

364 2141 667 2197 refutationem
695 2140 915 2182 Ciceronis
948 2154 1039 2181 esse
1072 2142 1243 2195 negent.
1275 2140 1466 2194 plerique
1493 2154 1594 2181 uero
1622 2139 1771 2180 adduci
1797 2154 1883 2181 non

363 2212 544 2266 possint:
578 2214 626 2252 ut
651 2211 771 2252 illam
798 2226 822 2251 a
848 2211 905 2252 M.
925 2210 1058 2252 Tullii
1084 2210 1250 2251 familia
1276 2210 1408 2251 ueluti
1436 2209 1704 2251 subditiciam
1734 2214 1886 2264 putent

364 2282 733 2324 summouendam'
768 2297 801 2324 e.
834 2297 872 2337 q.
905 2297 938 2323 s.
999 2281 1059 2323 Et
1090 2282 1167 2323 sub
1208 2282 1354 2323 finem:
1402 2280 1584 2323 ‘Omnes
1621 2296 1804 2336 namque
1844 2286 1885 2323 et

364 2354 590 2395 uerborum
636 2357 678 2395 et
723 2354 1034 2395 sententiarum
1086 2353 1383 2394 exornationes
1519 2353 1570 2394 iis
1618 2353 1749 2394 etiam
1794 2354 1887 2394 illu-

365 2428 554 2466 strantur
586 2425 790 2479 exemplis
824 2439 930 2479 quae
962 2424 1051 2465 fere
1084 2424 1133 2464 de
1164 2423 1381 2465 Ciceronis
1414 2424 1681 2465 orationibus
1715 2426 1887 2477 sumpta

365 2495 417 2536 ad
461 2495 746 2536 imitationem
790 2495 923 2550 ipsius
965 2495 1202 2549 composita
1246 2495 1473 2550 plerosque
1518 2495 1562 2535 in
1600 2510 1650 2536 ea
1692 2494 1887 2536 detinent

365 2567 581 2621 opinione:
626 2569 675 2607 ut
719 2567 853 2607 libros
895 2566 946 2607 ad
986 2566 1220 2607 Herenium
1263 2565 1371 2606 nulli
1411 2566 1483 2606 alii
1524 2580 1651 2620 quam
1691 2564 1885 2607 Ciceroni

366 2638 641 2679 ascribendos
674 2636 852 2692 putent.9
903 2636 1020 2679 Haec
1053 2653 1147 2679 cum
1181 2637 1399 2691 scripserit
1431 2636 1590 2691 Regius
1625 2651 1736 2678 anno
1773 2637 1880 2677 1491

364 2709 641 2750 manifestum
675 2711 740 2750 est
777 2708 887 2749 hanc
924 2709 1061 2763 ipsam
1094 2709 1392 2763 quaestionem
1429 2708 1515 2748 iam
1555 2709 1714 2749 multos
1748 2722 1883 2749 annos

366 2780 475 2821 inter
507 2780 656 2822 doctos
690 2780 897 2835 agitatam
931 2794 1024 2821 esse
1055 2794 1132 2821 nec
1165 2780 1287 2820 illum
1320 2779 1457 2820 facem
1482 2779 1678 2820 ueritatis
1711 2782 1882 2833 praetu-

366 2851 466 2890 lisse
511 2850 582 2891 sed
628 2866 652 2891 a
695 2850 924 2892 Laurentio
967 2850 1096 2891 Valla
1139 2851 1340 2891 traditam
1385 2853 1427 2891 et
1470 2865 1601 2905 prope
1652 2849 1883 2891 extinctam

367 2920 504 2961 denuo
537 2922 803 2963 concussisse
836 2936 918 2976 quo
952 2922 1090 2976 magis
1124 2921 1427 2963 exardesceret.
1477 2921 1603 2963 Anno
1636 2920 1746 2962 1445
1774 2920 1883 2962 Lau—
