2003 3116
312 107 394 147 174
889 102 1258 136 PROLEGOMENA.

307 215 425 255 ualet
466 210 713 266 explicare',
759 209 915 250 similia
955 208 1180 250 Vitruuius
1228 221 1325 248 raro
1374 209 1418 248 et
1459 207 1618 250 Liuius.
1678 207 1824 261 Neque

306 285 438 337 12,3
472 296 599 323 ausus
639 294 719 335 ego
759 295 851 321 sum
890 279 1153 333 optimorum
1192 277 1310 319 codd.
1342 277 1567 318 lectionem
1606 292 1824 319 remouere

308 354 380 408 qui
423 353 611 393 habent:
685 350 901 392 ‘Imitatio
948 352 1014 391 est
1066 364 1150 404 qua
1194 348 1442 402 inpellimur
1487 361 1583 388 cum
1628 347 1825 403 diligenti

307 423 474 465 ratione
507 425 555 464 ut
587 422 826 477 aliquorum
859 421 1020 462 similes
1059 420 1102 460 in
1141 419 1318 460 dicendo
1355 418 1570 460 ualeamus
1607 418 1720 459 esse’
1752 419 1826 459 ubi

306 494 472 536 librarii
503 494 588 534 iam
621 508 728 535 saec.
754 491 839 534 XII
871 492 1110 532 intulerunt
1136 490 1337 531 blandum
1365 488 1472 529 illud
1502 488 1686 530 uelimus.
1745 487 1824 530 Sed

307 566 431 607 sicuti
458 565 499 606 Π
528 565 595 617 21,
616 565 684 605 34.
717 564 784 604 22.
816 563 873 604 34
898 561 959 603 IV
984 562 1048 614 16,
1071 562 1125 603 23
1157 560 1261 601 dicit
1293 560 1454 613 inpellit
1485 560 1539 600 acl
1568 559 1826 612 maleficium,

307 635 392 678 Cic.
429 651 505 690 pro
540 635 681 676 Rabir.
708 634 823 688 perd.
850 633 888 686 8,
908 633 963 674 22
999 632 1114 673 ‘cum
1147 631 1346 686 ignauiae
1384 630 1496 671 ratio
1529 633 1571 670 te
1602 629 1645 670 in
1678 629 1827 684 fugam

309 710 436 762 atque
468 707 512 747 in
544 706 733 748 latebras
766 702 1026 759 impelleret’
1060 718 1092 744 e.
1114 718 1153 758 q.
1175 717 1217 755 s.,
1252 702 1313 742 ita
1344 701 1587 742 imitatione
1614 707 1825 742 oratorem

308 778 358 819 ad
372 778 554 819 Gracchi
567 777 634 818 uel
644 775 788 818 Crassi
802 775 1050 816 facultatem
1067 773 1231 828 impelli
1248 773 1323 814 illo
1342 772 1437 813 loco
1452 771 1638 812 arbitror
1651 771 1829 813 edoceri.

423 848 651 890 Praeterea
682 846 755 896 ille
788 845 1008 900 scriptoris
1041 859 1141 885 usus
1169 843 1499 886 considerandus
1533 845 1598 883 est
1631 856 1753 897 quem
1782 842 1826 882 in

309 919 622 975 deponentibus
656 917 845 959 admittit
870 930 1212 970 nonnumquam:
1245 929 1352 969 quae
1383 928 1459 968 pro
1487 914 1660 967 passiuo
1687 913 1828 967 posita

308 991 479 1046 saepius
506 990 794 1032 inueniuntur.
820 987 969 1029 Veluti
984 987 1157 1040 scripsit
1183 985 1247 1026 ΠΙ
1262 986 1339 1038 3,5
1373 985 1460 1025 ‘res
1478 984 1681 1026 ...celsas
1709 984 1826 1039 sequi

308 1066 349 1103 et
377 1062 521 1116 appeti
548 1059 780 1115 oportere',
810 1059 853 1100 II
881 1060 920 1114 2,
939 1060 965 1100 2
997 1057 1167 1113 ‘quales
1195 1057 1588 1111 argumentationes
1610 1089 1617 1096 .
1639 1088 1647 1096 .
1668 1088 1676 1096 .
1698 1055 1829 1109 sequi,

309 1133 453 1187 quales
487 1132 642 1173 ueitari
681 1129 926 1186 oporteret.'
1000 1129 1152 1184 Itaque
1197 1127 1322 1169 sicuti
1359 1126 1548 1168 Orbilius
1588 1127 1699 1180 apud
1740 1125 1828 1166 Pri-

309 1205 501 1245 scianum
540 1202 612 1244 GL
655 1202 700 1243 II
733 1218 771 1256 p.
793 1202 896 1256 381,
925 1202 947 1243 1
983 1200 1157 1254 scripsit
1187 1199 1317 1254 equae
1364 1198 1433 1239 uix
1484 1198 1537 1238 ab
1581 1197 1828 1238 hominibus

311 1275 511 1330 consequi
539 1273 753 1328 possunt',
780 1274 841 1314 ita
867 1273 911 1313 in
937 1271 1151 1312 rhetorica
1178 1270 1229 1311 ad
1258 1269 1357 1310 Her.
1382 1268 1444 1309 IV
1465 1269 1503 1323 2,
1524 1269 1550 1309 2
1577 1268 1828 1323 intellegen-

309 1346 408 1386 dum
442 1348 507 1387 est
543 1343 661 1386 ‘cum
707 1358 802 1398 spes
844 1342 1003 1384 iniecta
1045 1344 1111 1382 est
1149 1356 1275 1396 posse
1317 1339 1523 1381 imitando
1565 1338 1717 1380 Gracci
1757 1341 1831 1379 aut

309 1415 452 1458 Crassi
485 1415 688 1469 consequi
736 1412 1005 1456 facultatem’
1045 1416 1088 1454 et
1119 1412 1157 1466 5,
1179 1413 1202 1452 7
1243 1410 1430 1452 ‘Deinde
1468 1411 1648 1451 interest
1684 1409 1829 1464 magni

311 1488 402 1529 eius
445 1485 517 1540 qui
559 1485 718 1527 discere
760 1485 874 1538 uult,
918 1487 1058 1525 utrum
1101 1483 1290 1525 omnium
1336 1482 1479 1523 omnia
1521 1496 1574 1522 an
1622 1480 1765 1522 omnia
1807 1495 1831 1521 a

310 1559 479 1600 nemine
514 1557 647 1609 [aliud
682 1556 832 1608 alium]
866 1558 987 1610 putet
1018 1554 1220 1608 consequi
1256 1552 1417 1608 posse’,
1449 1553 1523 1593 ubi
1555 1552 1672 1593 aliud
1701 1552 1832 1592 alium

311 1629 424 1685 quod
450 1628 535 1669 iam
562 1626 862 1669 FSclimidtius
896 1626 1117 1667 damnauit
1141 1625 1218 1666 illa
1240 1624 1424 1666 lectione
1445 1639 1495 1664 ex
1516 1622 1634 1664 codd.
1661 1620 1832 1663 PHBC

311 1700 513 1742 restituta
536 1723 584 1728 —
609 1713 709 1740 nam
744 1698 782 1738 H
816 1701 858 1739 et
888 1704 923 1738 E
957 1697 1147 1751 grauiter
1178 1695 1367 1749 corrupti
1401 1697 1500 1735 sunt
1522 1718 1572 1723 -
1602 1693 1832 1747 expellitur

311 1773 439 1813 foras.
507 1769 586 1811 His
631 1769 736 1810 locis
781 1767 980 1809 omnibus
1026 1766 1218 1807 uidemus
1265 1768 1338 1806 aut
1381 1767 1558 1818 oportere
1603 1767 1676 1804 aut
1713 1775 1832 1816 posse

311 1843 454 1884 uerbis
482 1839 792 1896 deponentibus
826 1837 1015 1878 additum
1051 1850 1161 1877 esse:
1195 1835 1302 1876 alios
1329 1835 1446 1876 locos
1474 1834 1626 1888 quibus
1660 1835 1830 1887 passiue

311 1913 498 1966 consequi
529 1913 674 1965 potest
704 1908 917 1962 intellegi,
950 1907 1148 1948 omittere
1186 1906 1338 1946 melius
1379 1905 1475 1946 erit:
1508 1904 1617 1946 conf.
1645 1902 1708 1945 HI
1733 1904 1771 1956 ἶ),
1793 1905 1830 1946 9.

314 1984 435 2033 Quod
473 1983 718 2024 Priscianus
757 1980 782 2021 l.
805 1994 835 2020 S.
857 1994 895 2033 p.
917 1979 1019 2032 383,
1049 1978 1103 2019 10
1147 1977 1295 2018 tradit:
1340 1976 1608 2016 ‘Aufustiusz
1651 1975 1831 2016 “omnia

314 2056 616 2110 argumentata
631 2049 850 2104 110mina”‚
871 2051 1173 2104 argumentata
1186 2048 1369 2102 passiue⁷
1388 2044 1698 2100 movmffls'vw’,
1718 2046 1830 2086 idem

315 2125 589 2168 statuendum
624 2137 714 2165 esse
752 2123 797 2163 in
836 2120 1048 2162 rhetorica
1087 2119 1138 2160 ad
1175 2118 1277 2160 Her.
1305 2118 1566 2159 arbitramur
1599 2117 1658 2158 IV
1685 2117 1754 2170 41,
1775 2116 1830 2158 53

315 2197 390 2238 ubi
417 2211 511 2238 cum
537 2201 583 2237 M
609 2193 857 2248 scripsimus
885 2191 1012 2232 ‘haec
1038 2191 1194 2244 partim
1221 2189 1493 2243 testimoniis,
1518 2189 1678 2243 partim
1706 2203 1832 2242 quae-

316 2267 527 2309 stionibus
555 2263 866 2320 argumentatis
895 2261 1037 2303 omnia
1064 2261 1382 2315 conprobantur
1408 2263 1451 2301 et
1476 2273 1644 2300 rumore
1670 2258 1832 2314 populi,

316 2352 439 2392 quem
474 2352 523 2378 ex
566 2334 830 2390 argumentis
869 2336 1018 2373 natum
1057 2346 1228 2373 necesse
1268 2335 1332 2371 est
1371 2345 1461 2371 esse
1499 2328 1690 2370 uerum’:
1721 2329 1763 2369 in
1795 2335 1830 2368 E

317 2423 396 2463 pro
449 2406 744 2461 arqzmzentatis
793 2404 903 2445 falso
953 2402 1113 2458 legitur
1162 2406 1199 2443 et
1247 2402 1517 2455 aryumentis,
1573 2414 1667 2441 cum
1719 2400 1833 2440 simi-

315 2480 414 2520 liter
447 2479 530 2519 iam
563 2477 608 2518 in
640 2477 729 2518 cod.
763 2474 795 2517 C
829 2475 1034 2529 scriptum
1076 2473 1143 2514 sit.
1214 2472 1405 2526 Denique
1443 2472 1625 2524 confiteri
1662 2470 1831 2526 passiue

316 2550 475 2591 dictum
510 2563 601 2589 esse
635 2561 856 2589 censemus
887 2544 931 2586 ΙΙ
960 2545 1025 2595 19,
1046 2545 1119 2586 30:
1151 2542 1219 2584 ‘Si
1251 2557 1351 2598 ergo
1392 2543 1606 2596 pollicitus
1639 2556 1731 2582 sum
1764 2555 1830 2581 me

317 2621 515 2661 daturum
555 2633 745 2670 causam,
791 2631 875 2671 qua
912 2616 1108 2656 inductus
1154 2613 1300 2656 Ulixes
1349 2612 1574 2655 accesserit
1612 2612 1663 2652 ad
1702 2611 1830 2651 male-

318 2692 476 2744 ficium,
518 2693 560 2731 et
599 2690 633 2730 si
674 2688 998 2730 inimicitiarum
1039 2686 1288 2727 acerrimam
1328 2685 1538 2726 rationem
1577 2686 1619 2723 et
1655 2682 1831 2736 periculi

317 2765 476 2801 metum
509 2759 799 2801 intercessisse
833 2757 1142 2810 demonstraui‚
1174 2771 1259 2798 non
1293 2759 1357 2796 est
1388 2755 1561 2796 dubium
1595 2752 1697 2806 quin
1730 2767 1828 2793 con-

316 2831 490 2871 fiteatur
523 2845 693 2872 causam
726 2829 908 2870 malefici
939 2827 1098 2868 fuisse.>
1171 2827 1230 2868 Et
1260 2826 1460 2880 aucupari
1496 2824 1517 2865 I
1548 2824 1617 2878 13,
1637 2823 1712 2864 23:
1744 2822 1830 2863 ‘Ex
