2003 3116
367 113 384 151 1
397 112 450 152 10
940 109 1311 144 PROLEGOMENA.

362 220 497 272 νόμος
541 217 771 258 ἐκώλυσεν.
834 216 1206 270 αὐτοπροσώπους
1250 215 1438 269 εἰσάγων
1481 231 1546 265 τις
1589 219 1692 266 τοὺς
1732 232 1884 273 κωμῳ-

364 286 611 342 δουμένους
641 286 854 340 ὑπάγεται
885 291 944 343 τῷ
976 287 1097 343 νόμῳ
1129 289 1217 327 κτλ.

482 356 528 413 5)
574 357 637 398 De
683 371 808 398 seruo
853 356 924 411 qui
969 357 1257 399 manumissus
1303 359 1394 399 erat
1436 372 1513 412 per
1556 358 1883 412 imprudentiam

363 429 502 470 occiso
535 427 555 468 I
586 428 650 482 14,
675 428 743 469 24.

482 498 526 555 6)
558 499 623 540 De
655 499 792 540 milite
825 499 897 554 qui
931 499 982 540 ad
1016 498 1126 541 diem
1158 502 1421 542 commeatus
1452 515 1538 542 non
1570 501 1687 542 uenit
1718 501 1827 555 ibid.[

484 570 528 625 7)
563 570 735 612 Orestes
763 585 806 612 se
834 569 1024 612 defendit
1048 570 1093 612 in
1120 573 1301 613 matrem
1327 571 1549 613 conferens
1580 572 1739 614 crimen
1770 572 1791 613 I
1821 573 1886 624 15,

362 642 436 683 525:
478 642 588 683 conf.
619 642 690 696 10,
719 642 784 683 17.
820 641 892 694 16,
919 642 987 683 26.
1049 641 1143 683 Hae
1175 644 1261 683 tres
1294 642 1611 684 controuersiae
1644 659 1695 685 ex
1726 642 1887 686 Graeca

362 713 575 756 rhetorica
613 727 705 754 esse
746 712 945 754 uidentur
983 715 1178 768 sumptae
1216 728 1396 768 quarum
1435 714 1681 756 simillimae
1715 717 1886 756 exstent

363 784 475 840 apud
502 783 678 833 Quintil.
698 783 783 825 VII
809 784 849 840 4,
870 786 908 826 8.
940 785 992 826 14
1007 799 1123 839 seqq.
1157 782 1242 826 Cic.
1263 784 1313 826 de
1340 784 1463 826 inu.I
1492 785 1559 838 13,
1582 786 1634 827 18
1661 785 1703 827 ΙΙ
1730 786 1798 840 31,
1819 786 1886 828 96.

483 855 550 897 Ex
574 855 657 897 hac
684 855 1075 897 controuersiarum
1102 856 1352 897 collectione
1377 856 1564 910 primum
1590 856 1670 898 hoc
1697 860 1887 911 apparet,

366 927 573 982 scriptum
600 942 691 969 esse
724 927 883 969 librum
908 930 1008 982 post
1035 942 1194 968 annum
1227 927 1396 978 666s88‚
1430 927 1648 969 doctorem
1680 928 1769 969 ludi
1799 929 1887 983 ple-

363 1013 514 1054 rasque
555 1013 642 1040 non
673 1001 842 1040 tantum
876 998 1058 1053 exempli
1090 999 1183 1040 loco
1215 998 1510 1053 proposuisse,
1549 998 1623 1040 sed
1655 998 1784 1040 etiam
1817 999 1888 1040 de-

364 1071 571 1112 clamasse
599 1070 673 1112 sed
698 1070 928 1112 nonnullas
955 1069 1079 1125 tales,
1106 1070 1251 1124 quales
1272 1069 1482 1111 nobilium
1507 1070 1587 1110 filii
1606 1069 1720 1111 haud
1745 1070 1887 1112 animo

365 1156 501 1197 aequo
543 1141 771 1183 audierint:
816 1155 952 1195 neque
997 1140 1110 1182 enim
1156 1154 1338 1194 usquam
1377 1140 1573 1194 partibus
1616 1141 1888 1194 optimatium

363 1214 425 1254 ita
463 1212 582 1254 fauet
621 1213 804 1267 scriptor
847 1215 895 1253 ut
935 1227 1031 1253 eum
1074 1211 1126 1252 ab
1168 1211 1244 1252 illa
1287 1214 1410 1265 parte
1456 1212 1626 1252 stetisse
1670 1215 1888 1266 appareat.

366 1283 529 1325 Deinde
562 1283 644 1325 hoc
674 1285 844 1338 poterat
874 1282 1072 1337 intellegi
1105 1280 1353 1324 Ciceronem
1387 1282 1526 1337 magis
1558 1282 1685 1323 rebus
1713 1281 1887 1324 Graecis

366 1354 535 1396 studere
563 1356 605 1396 et
627 1354 891 1396 Graecorum
913 1354 1107 1408 exempla
1127 1368 1450 1408 nonnumquam
1472 1356 1667 1395 accurate
1696 1356 1888 1395 secutum

366 1441 469 1481 esse,
503 1426 578 1467 ubi
610 1426 794 1481 scriptor
826 1425 879 1467 ad
904 1424 1003 1466 Her.
1031 1424 1178 1466 eadem
1204 1424 1400 1466 nonnihil
1426 1424 1612 1466 mutauit
1637 1439 1720 1479 quo
1746 1425 1885 1480 magis

364 1498 572 1539 institutis
606 1513 645 1552 p.
676 1496 726 1538 R.
760 1496 1048 1538 conuenirent.

82 1567 363 1628 ¹³e¹³ffiffil⁷jggf³i¹³·
486 1567 814 1610 Controuersiae
848 1568 899 1609 ad
934 1582 1068 1622 genus
1100 1567 1296 1609 iudiciale
1337 1568 1533 1621 spectant
1563 1567 1751 1608 omnium
1784 1566 1890 1607 diffi-

366 1640 591 1682 cillimum:
630 1639 739 1682 conf.
779 1640 831 1681 ad
869 1639 969 1680 Her.
996 1639 1039 1680 Π
1076 1640 1181 1693 1,1.
1244 1638 1478 1680 Faciliores
1523 1637 1576 1679 ad
1619 1637 1890 1680 tractandum

368 1713 468 1753 sunt
494 1712 737 1753 suasoriae:
768 1725 898 1766 quare
925 1711 971 1751 in
996 1710 1105 1751 ludis
1133 1710 1254 1765 pueri
1284 1711 1382 1751 ante
1414 1709 1459 1750 in
1491 1709 1694 1751 suasoriis
1727 1723 1890 1752 exerce-

366 1783 523 1824 bantur
566 1797 694 1837 quam
740 1782 793 1823 ad
839 1781 1153 1823 controuersias
1197 1783 1374 1822 uentum
1413 1783 1479 1822 est
1517 1778 1671 1836 (Tacit.
1705 1780 1801 1822 dial.
1834 1781 1890 1822 35

367 1853 543 1903 Quintil.
569 1853 612 1894 ΙΙ
645 1851 701 1909 1).
765 1852 846 1894 Sed
890 1853 1014 1894 rudes
1066 1855 1109 1893 et
1157 1852 1295 1907 ignari
1347 1851 1588 1893 rhetoricae
1638 1852 1888 1906 priusquam

366 1928 549 1979 utroque
588 1938 742 1979 genere
774 1924 1138 1966 declamationum
1175 1923 1471 1964 imbuerentur
1509 1923 1888 1964 exercitationibus

367 1996 426 2037 eis
459 1996 648 2038 instituti
681 1997 800 2050 sunt,
832 2010 936 2050 quas
970 1994 1122 2037 Graeci
1153 1993 1529 2050 προγυμνάσματα
1560 1996 1712 2048 postea
1744 1994 1889 2047 appel-

367 2068 528 2109 larunt:
574 2081 753 2122 quarum
799 2066 1156 2108 exercitationum
1200 2068 1316 2107 certa
1355 2065 1398 2106 iu
1442 2065 1658 2106 rhetorica
1698 2064 1762 2122 adp
1790 2063 1891 2105 Her.

367 2141 537 2180 exstant
570 2137 769 2193 uestigia.
833 2137 950 2187 Quae
983 2137 1233 2192 colligemus
1268 2136 1460 2178 ordinem
1493 2135 1626 2177 secuti
1658 2150 1683 2177 a
1715 2133 1890 2176 Sueton.

368 2210 418 2249 de
462 2209 568 2250 rhet.
611 2210 631 2250 1
677 2224 716 2263 p.
752 2209 853 2263 121,
890 2209 945 2249 14
970 2208 1008 2249 R
1052 2208 1226 2257 Quintil.
1260 2207 1279 2248 I
1317 2207 1342 2248 9
1389 2206 1432 2248 ΙΙ
1464 2208 1491 2248 4
1539 2207 1714 2248 Τ1160116
1758 2205 1834 2247 RG
1873 2205 1894 2246 I

368 2295 406 2333 p.
436 2280 519 2321 172
535 2294 650 2334 seqq.
672 2278 729 2319 W
762 2278 805 2319 II
838 2294 875 2332 p.
907 2280 960 2320 72
993 2278 1050 2332 Sp
1084 2279 1354 2319 institutum:

490 2348 533 2403 1)
572 2351 738 2398 Μῦθος
771 2351 813 2389 et
845 2350 1089 2403 διηγήματα
1128 2350 1153 2391 i.
1180 2363 1212 2390 e.
1240 2349 1360 2390 uaria
1398 2348 1692 2390 narrationum
1730 2362 1889 2402 genera

370 2435 476 2476 quae
509 2423 812 2462 enumerantur
843 2421 896 2461 ad
928 2420 1028 2462 Her.
1057 2420 1077 2461 I
1105 2421 1144 2475 8,
1173 2421 1226 2461 12
1242 2434 1357 2475 seqq.
1410 2420 1526 2469 Quae
1560 2434 1718 2475 genera
1748 2434 1896 2460 narra—

369 2493 538 2534 tionum
572 2492 613 2533 ‘a
645 2506 772 2533 causa
805 2491 921 2532 ciuili
952 2490 1133 2533 remota'
1166 2506 1258 2532 csse
1290 2490 1435 2545 tradit,
1468 2491 1512 2532 in
1543 2491 1698 2545 quibus
1731 2490 1892 2531 ‘tamen

373 2563 560 2604 exerceri
586 2563 787 2605 conuenit
814 2577 896 2617 quo
925 2562 1188 2604 commodius
1220 2562 1319 2604 illas
1352 2562 1591 2617 superiores
1623 2561 1891 2603 narrationes

369 2634 414 2674 in
446 2634 584 2676 causis
617 2635 802 2675 tractare
829 2633 1077 2688 possimus’:
1111 2633 1160 2674 de
1187 2633 1342 2688 quibus
1368 2633 1393 2674 1.
1422 2647 1470 2675 s.:
1504 2631 1707 2685 ‘Verum',
1740 2631 1892 2685 inquit,

370 2703 494 2746 ‘haec
519 2705 564 2746 in
591 2705 823 2746 exercendo
850 2705 1164 2759 transigentur:
1197 2704 1303 2745 illud
1331 2703 1442 2758 quod
1470 2703 1522 2745 ad
1549 2703 1771 2744 ueritatem
1799 2715 1891 2756 per-

371 2775 499 2829 tinet,
545 2777 757 2830 quomodo
796 2776 974 2818 tractari
1019 2776 1264 2829 conueniat,
1312 2773 1581 2830 aperiemus.9
1642 2772 1694 2814 In
1739 2772 1891 2826 quibus

371 2846 626 2886 tenerrimae
667 2847 819 2888 aetatis
861 2846 1340 2898 praeexercitationibus
1378 2844 1570 2886 Milesias
1614 2843 1784 2884 fabulas
1825 2846 1893 2884 sat
