2003 3116
706 123 1074 157 PROLEGOMENA.
1573 120 1653 162 137

134 247 249 276 noua
281 235 380 274 sunt
410 231 544 274 nimio
575 231 759 287 quodam
798 230 949 273 ardore
983 231 1036 273 ab
1074 230 1322 274 hominibus
1356 230 1495 272 solent
1527 230 1656 286 arripi

136 305 196 346 ita
221 303 522 360 rhythmorum
549 302 655 344 illud
681 302 869 345 studium
896 304 1090 358 tempore
1115 301 1190 345 illo
1211 302 1331 345 breui
1357 302 1402 344 in
1427 302 1659 344 ludibrium

136 377 178 416 et
208 375 351 417 lusum
383 374 594 430 quendam
637 374 847 429 puerilem
885 374 995 416 uerti
1032 376 1230 429 coeptum
1263 376 1338 416 est.
1400 373 1550 416 Theon
1580 372 1658 415 RG

134 446 156 488 I
187 463 226 502 p.
258 447 340 489 168
368 445 423 487 W
462 445 505 487 Π
536 461 576 500 Ρ,
604 446 656 487 71
686 444 744 500 Sp
789 445 871 499 τὴν
910 446 1124 501 ἔμμετρον
1161 443 1232 487 καὶ
1274 446 1502 501 ἔνρυθμον
1541 443 1659 496 λέξιν

137 520 179 559 et
211 518 255 559 in
286 516 477 572 Hegesia
511 519 554 557 et
585 516 760 571 reliquis
792 516 1037 558 rhetoribus
1070 516 1242 557 Asianis
1282 517 1499 570 uituperat
1531 514 1658 572 (conf.

137 589 313 644 Dionys.
352 587 488 629 Halic.
522 587 572 628 de
611 601 798 641 compos,
830 588 947 630 uerb.
980 585 1174 644 capis)
1214 590 1256 629 et
1292 588 1338 628 in
1375 587 1578 642 Epicuro,
1616 587 1660 628 in

137 659 347 715 Epicureo
385 657 552 700 Mucius
586 656 794 700 Scaeuola
834 659 946 712 apud
983 657 1195 700 Lucilium
1236 657 1345 700 FPR
1383 673 1423 713 p.
1452 659 1549 713 147,
1587 659 1659 714 qui

135 731 181 772 in
221 730 413 773 oratione
445 728 494 771 Τ.
521 728 696 771 Albucii
735 729 971 772 aduersarii
1010 731 1075 772 sui
1114 730 1245 772 uerba
1284 730 1431 771 eadem
1467 730 1661 772 sollertia

137 801 348 844 collocata
387 815 479 843 esse
518 800 680 842 clamat
724 803 851 856 atque
889 801 1026 856 lapilli
1063 802 1168 857 picti
1200 802 1243 843 in
1278 802 1527 857 pauimento
1561 802 1660 843 arti-

134 873 262 915 ficum
299 872 424 915 docta
461 886 592 914 manu
629 872 892 915 inseruntur:
939 872 1092 922 ‘Quam
1131 873 1286 929 lepide,
1329 872 1488 928 inquit,
1525 871 1661 923 λέξεις

136 946 385 999 compostae
415 945 464 985 ut
495 944 730 986 tesserulae
763 959 912 986 omnes
940 944 1044 986 Arte
1070 945 1318 999 pauimento
1347 948 1474 1000 atque
1506 945 1659 986 emble-

135 1018 250 1058 mate
271 1014 580 1058 uermiculato.'
627 1014 791 1058 Eodem
819 1016 960 1058 studio
981 1016 1303 1059 numerositatis
1326 1016 1515 1072 agitatus
1536 1016 1657 1057 Anti-

135 1089 259 1142 pater
301 1100 449 1128 uersus
495 1087 684 1143 integros
725 1102 852 1130 ausus
898 1091 964 1130 est
1002 1089 1209 1143 inserere,
1251 1088 1384 1130 uerba
1427 1087 1661 1130 insolenter

133 1159 333 1213 traicere,
372 1158 595 1200 sententiis
636 1159 814 1201 delicate
858 1160 1048 1202 discissis
1093 1160 1215 1214 quasi
1255 1159 1437 1216 singulis
1481 1158 1658 1201 uocibus

133 1231 182 1272 ut
215 1229 274 1271 ait
299 1228 462 1272 Fronto
489 1244 529 1284 p.
558 1230 642 1271 114
662 1229 703 1272 N
736 1245 803 1273 res
837 1234 982 1287 gestas
1016 1231 1200 1274 scribere
1228 1246 1362 1286 eoque
1389 1232 1660 1286 processerat

135 1301 338 1343 audaciae
364 1301 626 1343 Asianorum
659 1302 848 1344 furorem
876 1304 1130 1359 aemulatus,
1162 1305 1209 1345 ut
1235 1303 1279 1346 L.
1308 1302 1430 1344 Aelio
1465 1316 1590 1357 quem
1617 1302 1660 1343 in

133 1373 354 1428 prooemio
383 1371 630 1427 adloquitur
657 1373 905 1430 religiosum
940 1375 1023 1417 sibi
1054 1375 1196 1417 uisum
1231 1375 1286 1416 sit
1321 1389 1411 1416 sese
1445 1388 1531 1416 non
1562 1389 1658 1428 pur·

134 1458 235 1499 gare
274 1444 324 1485 de
363 1443 591 1485 uerborum
632 1445 885 1488 traiectione
925 1447 1059 1488 nimia
1098 1446 1266 1501 quidem
1305 1445 1379 1488 sed
1417 1445 1660 1487 necessaria

134 1514 244 1558 conf.
278 1513 365 1557 Cic.
403 1528 464 1557 or.
496 1515 571 1571 69,
603 1516 700 1559 229.
764 1516 912 1559 Veluti
950 1517 1069 1559 HRF
1110 1517 1209 1559 edit.
1252 1518 1376 1560 1883.
1421 1532 1462 1571 p.
1498 1517 1599 1570 100,
1632 1516 1659 1558 5

135 1601 230 1628 cum
258 1586 409 1628 scribit
429 1586 614 1629 ttantum
635 1588 794 1630 bellum
817 1590 1023 1632 suscitare
1044 1590 1189 1632 conari
1211 1588 1481 1631 aduersarios
1509 1589 1658 1630 contra

134 1658 347 1700 bellosiim
363 1658 525 1714 genus',
540 1662 692 1714 poetae
709 1660 937 1703 credideris
959 1661 1103 1703 audire
1125 1663 1402 1703 tetrametros
1416 1659 1658 1702 trochaicos

132 1732 176 1772 et
221 1745 317 1772 cum
356 1730 383 1771 1.
418 1744 449 1772 S.
481 1745 520 1784 p.
557 1730 662 1787 105,
693 1732 750 1774 44
796 1731 1007 1788 Syphacis
1051 1733 1165 1789 regis
1211 1747 1356 1775 casum
1400 1734 1550 1774 narrat
1591 1731 1658 1773 his

132 1801 293 1843 uerbis:
337 1800 451 1857 ‘Ipse
483 1803 597 1858 regis
631 1803 799 1846 eminus
832 1819 940 1859 equo
974 1804 1074 1847 ferit
1105 1807 1255 1860 pectus
1289 1804 1530 1859 aduorsum,
1563 1818 1659 1846 con-

135 1872 336 1928 genuclat
367 1887 612 1929 percussus,
648 1875 800 1917 dciecit
833 1875 1081 1929 dominum',
1120 1880 1162 1918 et
1194 1877 1500 1919 sententiarum
1532 1891 1657 1917 usum

131 1944 328 1986 breuium
365 1946 408 1986 et
450 1945 693 1999 aequalium
725 1946 844 1989 nullo
879 1947 1050 1990 uinculo
1084 1948 1196 1989 inter
1234 1962 1277 1989 se
1317 1962 1576 1990 conexarum
1616 1951 1658 1989 et

132 2015 362 2058 uerborum
412 2016 713 2059 traiectionem
761 2018 979 2062 miramur.
1043 2019 1182 2069 Quare
1227 2034 1279 2061 ne
1330 2019 1436 2061 illud
1487 2020 1657 2074 quidem

133 2085 269 2128 Caelii
300 2086 593 2143 fragmentum
627 2088 740 2142 quod
773 2089 1040 2131 restituimus
1074 2090 1123 2132 ad
1158 2090 1257 2132 Her.
1284 2089 1346 2131 IV
1378 2091 1444 2144 12,
1475 2091 1544 2132 18:
1590 2089 1656 2132 eIn

131 2157 272 2213 priore
298 2157 412 2200 libro
438 2157 516 2199 has
547 2172 614 2199 res
648 2158 700 2200 ad
733 2161 776 2200 te
810 2160 994 2215 scriptas
1022 2160 1126 2203 Luci
1159 2162 1352 2205 misimus
1380 2161 1491 2203 Aeli'
1523 2176 1657 2216 neque

130 2231 307 2284 propter
333 2229 509 2271 nimiam
535 2229 656 2271 illam
682 2231 1035 2274 numerositatem
1061 2247 1197 2289 neque
1224 2235 1400 2288 propter
1426 2232 1656 2274 uerborum

128 2293 325 2342 insanam
372 2301 725 2343 transiectionem
768 2317 847 2344 nos
891 2303 1021 2346 nimis
1067 2304 1330 2347 mirabimur.
1403 2304 1540 2354 Quam
1584 2305 1657 2359 qui

131 2372 235 2414 dicit
261 2387 352 2414 esse
380 2372 696 2427 ineptissimam
729 2373 766 2416 is
799 2389 894 2416 cum
923 2374 1126 2418 Cicerone
1158 2379 1201 2419 et
1233 2391 1327 2419 cum
1361 2376 1571 2431 scriptore
1604 2376 1656 2418 ad

128 2442 232 2485 Her.
270 2458 347 2485 nec
384 2458 471 2486 non
516 2458 682 2487 mecum
719 2445 764 2487 in
805 2445 886 2488 hoc
925 2446 975 2488 de
1016 2446 1161 2491 Caelio
1200 2448 1356 2490 iudicio
1395 2448 1522 2503 plane
1560 2463 1656 2490 con-

131 2514 276 2556 sentit:
310 2515 383 2569 qui
410 2515 585 2558 omnino
611 2515 716 2558 ferri
742 2531 868 2571 posse
894 2517 1002 2559 haec
1027 2518 1090 2560 ita
1116 2518 1160 2560 in
1188 2519 1306 2561 codd.
1327 2519 1487 2561 tradita
1513 2522 1655 2575 negat,

129 2585 166 2626 is
200 2585 267 2626 uel
300 2585 488 2639 optimos
521 2585 754 2641 scriptores
791 2587 946 2629 dixisse
978 2587 1052 2630 eM.
1085 2589 1138 2630 ad
1169 2604 1236 2631 me
1269 2590 1427 2632 Brutus
1460 2590 1653 2632 uenerat'

130 2655 289 2698 similia
321 2656 609 2699 considerasse
642 2672 730 2699 non
757 2658 936 2701 uidetur.
988 2658 1131 2702 Secuti
1158 2663 1257 2702 sunt
1282 2660 1471 2703 Caelium
1500 2662 1544 2702 in
1571 2662 1653 2704 isto

131 2727 383 2769 elocutionis
418 2728 569 2770 morbo
602 2743 697 2770 cum
731 2729 804 2770 alii
835 2732 925 2771 tum
959 2730 1155 2785 inprimis
1184 2730 1334 2774 Sisena
1361 2735 1403 2774 et
1427 2731 1652 2775 Maecenas

127 2797 172 2839 in
211 2813 293 2853 quo
331 2800 560 2841 uerborum
599 2801 895 2843 traiectionem
928 2802 1170 2857 improbam
1204 2803 1351 2846 eodem
1383 2806 1510 2859 pacto
1543 2805 1652 2846 uitu-

128 2872 251 2923 perat
272 2869 566 2927 Quintilianus
587 2870 650 2912 IX
670 2872 708 2925 4,
731 2873 784 2914 28
813 2888 895 2928 quo
924 2874 1107 2929 scriptor
1133 2875 1185 2916 ad
1211 2874 1310 2918 Her.
1331 2876 1356 2919 l.
1379 2891 1409 2918 S.
1429 2876 1472 2917 in
1493 2875 1651 2919 Caelio.
