<?xml version="1.0" encoding="UTF-8"?>
<!DOCTYPE html PUBLIC "-//W3C//DTD XHTML 1.0 Transitional//EN"
    "http://www.w3.org/TR/xhtml1/DTD/xhtml1-transitional.dtd">
<html xmlns="http://www.w3.org/1999/xhtml" xml:lang="en" lang="en">
 <head>
  <title>
</title>
<meta http-equiv="Content-Type" content="text/html;charset=utf-8" />
  <meta name='ocr-system' content='tesseract 3.04.00' />
  <meta name='ocr-capabilities' content='ocr_page ocr_carea ocr_par ocr_line ocrx_word'/>
</head>
<body>
  <div class='ocr_page' id='page_1' title='image "./incertiauctorisd00marxuoft_0017.png"; bbox 0 0 2003 3116; ppageno 0'>
   <div class='ocr_carea' id='block_1_1' title="bbox 661 201 1608 241">
    <p class='ocr_par' dir='ltr' id='par_1_1' title="bbox 661 201 1608 241">
     <span class='ocr_line' id='line_1_1' title="bbox 661 201 1608 241; baseline 0.005 -5"><span class='ocrx_word' id='word_1_1' title='bbox 661 204 1030 237; x_wconf 80' lang='lat' dir='ltr'><strong>PROLEGOMENA.</strong></span> <span class='ocrx_word' id='word_1_2' title='bbox 1582 201 1608 241; x_wconf 80' lang='lat'><strong>3</strong></span> 
     </span>
    </p>
   </div>
   <div class='ocr_carea' id='block_1_2' title="bbox 76 310 1613 2928">
    <p class='ocr_par' dir='ltr' id='par_1_2' title="bbox 76 310 1613 2928">
     <span class='ocr_line' id='line_1_2' title="bbox 87 310 1608 368; baseline -0.003 -14"><span class='ocrx_word' id='word_1_3' title='bbox 87 311 248 354; x_wconf 86' lang='lat' dir='ltr'>tamen’</span> <span class='ocrx_word' id='word_1_4' title='bbox 274 325 408 366; x_wconf 75' lang='lat' dir='ltr'>e.q.8.</span> <span class='ocrx_word' id='word_1_5' title='bbox 459 311 582 354; x_wconf 84' lang='lat' dir='ltr'>Unde</span> <span class='ocrx_word' id='word_1_6' title='bbox 621 315 799 368; x_wconf 86' lang='lat' dir='ltr'>apparet</span> <span class='ocrx_word' id='word_1_7' title='bbox 836 311 1151 354; x_wconf 85' lang='lat' dir='ltr'>Romanianum</span> <span class='ocrx_word' id='word_1_8' title='bbox 1190 310 1306 352; x_wconf 87' lang='lat' dir='ltr'>domi</span> <span class='ocrx_word' id='word_1_9' title='bbox 1349 323 1608 365; x_wconf 89' lang='lat' dir='ltr'>peregreque</span> 
     </span>
     <span class='ocr_line' id='line_1_3' title="bbox 88 381 1608 426; baseline -0.003 -1"><span class='ocrx_word' id='word_1_10' title='bbox 88 398 256 425; x_wconf 89' lang='lat' dir='ltr'>summa</span> <span class='ocrx_word' id='word_1_11' title='bbox 304 383 607 426; x_wconf 88' lang='lat' dir='ltr'>beneuolentia</span> <span class='ocrx_word' id='word_1_12' title='bbox 659 383 789 425; x_wconf 87' lang='lat' dir='ltr'>animi</span> <span class='ocrx_word' id='word_1_13' title='bbox 834 383 977 425; x_wconf 90' lang='lat' dir='ltr'>studia</span> <span class='ocrx_word' id='word_1_14' title='bbox 1020 383 1240 424; x_wconf 74' lang='lat' dir='ltr'>rhetorum</span> <span class='ocrx_word' id='word_1_15' title='bbox 1285 383 1327 422; x_wconf 88' lang='lat' dir='ltr'>et</span> <span class='ocrx_word' id='word_1_16' title='bbox 1370 381 1608 422; x_wconf 76' lang='lat' dir='ltr'>rhetoricae</span> 
     </span>
     <span class='ocr_line' id='line_1_4' title="bbox 86 451 1609 510; baseline -0.003 -15"><span class='ocrx_word' id='word_1_17' title='bbox 86 453 245 496; x_wconf 91' lang='lat' dir='ltr'>fouisse</span> <span class='ocrx_word' id='word_1_18' title='bbox 288 469 424 510; x_wconf 88' lang='lat' dir='ltr'>neque</span> <span class='ocrx_word' id='word_1_19' title='bbox 479 469 574 496; x_wconf 88' lang='lat' dir='ltr'>eum</span> <span class='ocrx_word' id='word_1_20' title='bbox 619 453 807 508; x_wconf 89' lang='lat' dir='ltr'>Tagaste</span> <span class='ocrx_word' id='word_1_21' title='bbox 859 455 998 495; x_wconf 88' lang='lat' dir='ltr'>solum</span> <span class='ocrx_word' id='word_1_22' title='bbox 1050 454 1124 496; x_wconf 90' lang='lat' dir='ltr'>sed</span> <span class='ocrx_word' id='word_1_23' title='bbox 1174 454 1303 494; x_wconf 90' lang='lat' dir='ltr'>etiam</span> <span class='ocrx_word' id='word_1_24' title='bbox 1348 451 1609 507; x_wconf 77' lang='lat' dir='ltr'>Carthagine</span> 
     </span>
     <span class='ocr_line' id='line_1_5' title="bbox 87 523 1609 579; baseline -0.003 -12"><span class='ocrx_word' id='word_1_25' title='bbox 87 528 161 567; x_wconf 89' lang='lat' dir='ltr'>aut</span> <span class='ocrx_word' id='word_1_26' title='bbox 199 525 429 567; x_wconf 89' lang='lat' dir='ltr'>Madaurae</span> <span class='ocrx_word' id='word_1_27' title='bbox 473 525 547 566; x_wconf 93' lang='lat' dir='ltr'>ubi</span> <span class='ocrx_word' id='word_1_28' title='bbox 584 523 853 579; x_wconf 74' lang='lat' dir='ltr'><strong>Augustinus</strong></span> <span class='ocrx_word' id='word_1_29' title='bbox 894 524 1045 565; x_wconf 89' lang='lat' dir='ltr'>studiis</span> <span class='ocrx_word' id='word_1_30' title='bbox 1084 528 1255 566; x_wconf 90' lang='lat' dir='ltr'>uacaret</span> <span class='ocrx_word' id='word_1_31' title='bbox 1300 523 1424 565; x_wconf 87' lang='lat' dir='ltr'>aedes</span> <span class='ocrx_word' id='word_1_32' title='bbox 1465 538 1609 578; x_wconf 88' lang='lat' dir='ltr'>posse-</span> 
     </span>
     <span class='ocr_line' id='line_1_6' title="bbox 86 593 1612 651; baseline -0.002 -13"><span class='ocrx_word' id='word_1_33' title='bbox 86 597 198 638; x_wconf 81' lang='lat' dir='ltr'>disse</span> <span class='ocrx_word' id='word_1_34' title='bbox 230 597 383 651; x_wconf 91' lang='lat' dir='ltr'>quibus</span> <span class='ocrx_word' id='word_1_35' title='bbox 414 595 630 649; x_wconf 73' lang='lat' dir='ltr'>hospitem</span> <span class='ocrx_word' id='word_1_36' title='bbox 664 594 802 648; x_wconf 79' lang='lat' dir='ltr'>excipi</span> <span class='ocrx_word' id='word_1_37' title='bbox 836 594 1023 636; x_wconf 88' lang='lat' dir='ltr'>uoluerit</span> <span class='ocrx_word' id='word_1_38' title='bbox 1050 597 1092 635; x_wconf 87' lang='lat' dir='ltr'>et</span> <span class='ocrx_word' id='word_1_39' title='bbox 1117 595 1306 636; x_wconf 86' lang='lat' dir='ltr'>inuitari.</span> <span class='ocrx_word' id='word_1_40' title='bbox 1357 594 1450 635; x_wconf 89' lang='lat' dir='ltr'>Illis</span> <span class='ocrx_word' id='word_1_41' title='bbox 1476 593 1612 649; x_wconf 87' lang='lat' dir='ltr'>igitur</span> 
     </span>
     <span class='ocr_line' id='line_1_7' title="bbox 85 664 1608 722; baseline -0.003 -13"><span class='ocrx_word' id='word_1_42' title='bbox 85 667 352 722; x_wconf 76' lang='lat' dir='ltr'>temporibus</span> <span class='ocrx_word' id='word_1_43' title='bbox 390 666 675 707; x_wconf 87' lang='lat' dir='ltr'>litteratorem</span> <span class='ocrx_word' id='word_1_44' title='bbox 708 665 920 719; x_wconf 84' lang='lat' dir='ltr'>quendam</span> <span class='ocrx_word' id='word_1_45' title='bbox 956 665 1055 706; x_wconf 88' lang='lat' dir='ltr'>huic</span> <span class='ocrx_word' id='word_1_46' title='bbox 1087 665 1355 706; x_wconf 80' lang='lat' dir='ltr'>Romaniano</span> <span class='ocrx_word' id='word_1_47' title='bbox 1388 664 1608 707; x_wconf 82' lang='lat' dir='ltr'>Ciceronis</span> 
     </span>
     <span class='ocr_line' id='line_1_8' title="bbox 84 736 1610 791; baseline -0.002 -12"><span class='ocrx_word' id='word_1_48' title='bbox 84 739 242 779; x_wconf 88' lang='lat' dir='ltr'>librum</span> <span class='ocrx_word' id='word_1_49' title='bbox 264 737 315 778; x_wconf 89' lang='lat' dir='ltr'>ad</span> <span class='ocrx_word' id='word_1_50' title='bbox 335 736 603 779; x_wconf 88' lang='lat' dir='ltr'>Herennium</span> <span class='ocrx_word' id='word_1_51' title='bbox 625 736 888 778; x_wconf 84' lang='lat' dir='ltr'>dedicauisse</span> <span class='ocrx_word' id='word_1_52' title='bbox 907 736 1128 791; x_wconf 85' lang='lat' dir='ltr'>probabile</span> <span class='ocrx_word' id='word_1_53' title='bbox 1155 739 1235 777; x_wconf 89' lang='lat' dir='ltr'>est:</span> <span class='ocrx_word' id='word_1_54' title='bbox 1264 751 1371 791; x_wconf 90' lang='lat' dir='ltr'>quae</span> <span class='ocrx_word' id='word_1_55' title='bbox 1391 736 1610 790; x_wconf 76' lang='lat' dir='ltr'>inscripsit</span> 
     </span>
     <span class='ocr_line' id='line_1_9' title="bbox 87 807 1608 863; baseline -0.001 -13"><span class='ocrx_word' id='word_1_56' title='bbox 87 810 219 850; x_wconf 88' lang='lat' dir='ltr'>uerba</span> <span class='ocrx_word' id='word_1_57' title='bbox 244 808 506 851; x_wconf 65' lang='lat' dir='ltr'>Romaniano</span> <span class='ocrx_word' id='word_1_58' title='bbox 530 809 652 850; x_wconf 71' lang='lat' dir='ltr'>uiuat</span> <span class='ocrx_word' id='word_1_59' title='bbox 680 822 730 849; x_wconf 90' lang='lat' dir='ltr'>ea</span> <span class='ocrx_word' id='word_1_60' title='bbox 754 807 867 849; x_wconf 91' lang='lat' dir='ltr'>ludis</span> <span class='ocrx_word' id='word_1_61' title='bbox 895 810 939 849; x_wconf 91' lang='lat' dir='ltr'>et</span> <span class='ocrx_word' id='word_1_62' title='bbox 965 807 1279 863; x_wconf 70' lang='lat' dir='ltr'>gladiatoribus</span> <span class='ocrx_word' id='word_1_63' title='bbox 1306 821 1608 862; x_wconf 87' lang='lat' dir='ltr'>saepenumero</span> 
     </span>
     <span class='ocr_line' id='line_1_10' title="bbox 84 878 1609 935; baseline -0.002 -15"><span class='ocrx_word' id='word_1_64' title='bbox 84 879 272 935; x_wconf 86' lang='lat' dir='ltr'>Tagaste</span> <span class='ocrx_word' id='word_1_65' title='bbox 312 879 449 920; x_wconf 87' lang='lat' dir='ltr'>audiri</span> <span class='ocrx_word' id='word_1_66' title='bbox 489 879 620 921; x_wconf 87' lang='lat' dir='ltr'>solita</span> <span class='ocrx_word' id='word_1_67' title='bbox 658 893 749 920; x_wconf 89' lang='lat' dir='ltr'>esse</span> <span class='ocrx_word' id='word_1_68' title='bbox 787 881 830 920; x_wconf 86' lang='lat' dir='ltr'>et</span> <span class='ocrx_word' id='word_1_69' title='bbox 868 878 914 919; x_wconf 91' lang='lat' dir='ltr'>in</span> <span class='ocrx_word' id='word_1_70' title='bbox 951 878 1188 933; x_wconf 87' lang='lat' dir='ltr'>parietibus</span> <span class='ocrx_word' id='word_1_71' title='bbox 1222 878 1394 932; x_wconf 85' lang='lat' dir='ltr'>appicta</span> <span class='ocrx_word' id='word_1_72' title='bbox 1427 878 1609 918; x_wconf 81' lang='lat' dir='ltr'>lectitari</span> 
     </span>
     <span class='ocr_line' id='line_1_11' title="bbox 84 947 1607 1005; baseline -0.003 -14"><span class='ocrx_word' id='word_1_73' title='bbox 84 950 352 1005; x_wconf 76' lang='lat' dir='ltr'>Augustinus</span> <span class='ocrx_word' id='word_1_74' title='bbox 391 949 530 990; x_wconf 87' lang='lat' dir='ltr'>innuit</span> <span class='ocrx_word' id='word_1_75' title='bbox 568 963 663 990; x_wconf 91' lang='lat' dir='ltr'>cum</span> <span class='ocrx_word' id='word_1_76' title='bbox 703 948 864 991; x_wconf 85' lang='lat' dir='ltr'>scribat</span> <span class='ocrx_word' id='word_1_77' title='bbox 904 951 1052 990; x_wconf 88' lang='lat' dir='ltr'>contra</span> <span class='ocrx_word' id='word_1_78' title='bbox 1085 948 1215 990; x_wconf 88' lang='lat' dir='ltr'>Acad.</span> <span class='ocrx_word' id='word_1_79' title='bbox 1242 948 1261 988; x_wconf 91' lang='lat' dir='ltr'>I</span> <span class='ocrx_word' id='word_1_80' title='bbox 1295 962 1382 1002; x_wconf 73' lang='lat' dir='ltr'>cap⁴</span> <span class='ocrx_word' id='word_1_81' title='bbox 1412 947 1431 988; x_wconf 91' lang='grc' dir='ltr'><strong>Ι</strong></span> <span class='ocrx_word' id='word_1_82' title='bbox 1464 948 1490 988; x_wconf 79' lang='grc'><em>2</em></span> <span class='ocrx_word' id='word_1_83' title='bbox 1523 948 1549 988; x_wconf 92' lang='lat' dir='ltr'>l.</span> <span class='ocrx_word' id='word_1_84' title='bbox 1577 963 1607 987; x_wconf 88' lang='lat' dir='ltr'>s.</span> 
     </span>
     <span class='ocr_line' id='line_1_12' title="bbox 84 1020 1612 1076; baseline -0.002 -14"><span class='ocrx_word' id='word_1_85' title='bbox 84 1036 123 1076; x_wconf 91' lang='lat' dir='ltr'>p.</span> <span class='ocrx_word' id='word_1_86' title='bbox 157 1021 261 1062; x_wconf 83' lang='lat'>906:</span> <span class='ocrx_word' id='word_1_87' title='bbox 306 1020 395 1061; x_wconf 72' lang='lat' dir='ltr'>‘An</span> <span class='ocrx_word' id='word_1_88' title='bbox 435 1034 536 1062; x_wconf 91' lang='lat' dir='ltr'>uero</span> <span class='ocrx_word' id='word_1_89' title='bbox 577 1020 614 1061; x_wconf 90' lang='lat' dir='ltr'>si</span> <span class='ocrx_word' id='word_1_90' title='bbox 653 1020 848 1061; x_wconf 84' lang='lat' dir='ltr'>edentem</span> <span class='ocrx_word' id='word_1_91' title='bbox 885 1023 928 1061; x_wconf 88' lang='lat' dir='ltr'>te</span> <span class='ocrx_word' id='word_1_92' title='bbox 971 1034 1148 1061; x_wconf 89' lang='lat' dir='ltr'>munera</span> <span class='ocrx_word' id='word_1_93' title='bbox 1191 1033 1388 1061; x_wconf 87' lang='lat' dir='ltr'>ursorum</span> <span class='ocrx_word' id='word_1_94' title='bbox 1429 1022 1472 1060; x_wconf 88' lang='lat' dir='ltr'>et</span> <span class='ocrx_word' id='word_1_95' title='bbox 1508 1033 1612 1059; x_wconf 90' lang='lat' dir='ltr'>nun-</span> 
     </span>
     <span class='ocr_line' id='line_1_13' title="bbox 85 1090 1610 1147; baseline -0.002 -13"><span class='ocrx_word' id='word_1_96' title='bbox 85 1107 215 1147; x_wconf 86' lang='lat' dir='ltr'>quam</span> <span class='ocrx_word' id='word_1_97' title='bbox 261 1092 322 1133; x_wconf 87' lang='lat' dir='ltr'>ibi</span> <span class='ocrx_word' id='word_1_98' title='bbox 368 1094 496 1134; x_wconf 87' lang='lat' dir='ltr'>antea</span> <span class='ocrx_word' id='word_1_99' title='bbox 539 1091 635 1133; x_wconf 89' lang='lat' dir='ltr'>uisa</span> <span class='ocrx_word' id='word_1_100' title='bbox 664 1091 927 1145; x_wconf 77' lang='lat' dir='ltr'>spectacula</span> <span class='ocrx_word' id='word_1_101' title='bbox 967 1091 1131 1132; x_wconf 79' lang='lat' dir='ltr'>ciuibus</span> <span class='ocrx_word' id='word_1_102' title='bbox 1175 1090 1336 1132; x_wconf 86' lang='lat' dir='ltr'>nostris</span> <span class='ocrx_word' id='word_1_103' title='bbox 1374 1090 1610 1132; x_wconf 82' lang='lat' dir='ltr'>theatricus</span> 
     </span>
     <span class='ocr_line' id='line_1_14' title="bbox 85 1162 1613 1218; baseline -0.001 -13"><span class='ocrx_word' id='word_1_104' title='bbox 85 1164 261 1218; x_wconf 89' lang='lat' dir='ltr'>plausus</span> <span class='ocrx_word' id='word_1_105' title='bbox 295 1177 464 1218; x_wconf 89' lang='lat' dir='ltr'>semper</span> <span class='ocrx_word' id='word_1_106' title='bbox 495 1163 810 1218; x_wconf 89' lang='lat' dir='ltr'>prosperrimus</span> <span class='ocrx_word' id='word_1_107' title='bbox 852 1163 1106 1217; x_wconf 84' lang='lat' dir='ltr'>accepisset,</span> <span class='ocrx_word' id='word_1_108' title='bbox 1145 1162 1180 1203; x_wconf 91' lang='lat' dir='ltr'>si</span> <span class='ocrx_word' id='word_1_109' title='bbox 1215 1162 1445 1204; x_wconf 88' lang='lat' dir='ltr'>stultorum</span> <span class='ocrx_word' id='word_1_110' title='bbox 1477 1162 1613 1203; x_wconf 88' lang='lat' dir='ltr'>homi-</span> 
     </span>
     <span class='ocr_line' id='line_1_15' title="bbox 84 1234 1610 1289; baseline -0.002 -13"><span class='ocrx_word' id='word_1_111' title='bbox 84 1250 187 1276; x_wconf 91' lang='lat' dir='ltr'>num</span> <span class='ocrx_word' id='word_1_112' title='bbox 221 1249 402 1289; x_wconf 89' lang='lat' dir='ltr'>quorum</span> <span class='ocrx_word' id='word_1_113' title='bbox 435 1235 644 1276; x_wconf 87' lang='lat' dir='ltr'>immensa</span> <span class='ocrx_word' id='word_1_114' title='bbox 676 1235 804 1276; x_wconf 90' lang='lat' dir='ltr'>turba</span> <span class='ocrx_word' id='word_1_115' title='bbox 841 1236 907 1276; x_wconf 92' lang='lat' dir='ltr'>est</span> <span class='ocrx_word' id='word_1_116' title='bbox 946 1234 1141 1276; x_wconf 87' lang='lat' dir='ltr'>conflatis</span> <span class='ocrx_word' id='word_1_117' title='bbox 1175 1236 1216 1274; x_wconf 85' lang='lat' dir='ltr'>et</span> <span class='ocrx_word' id='word_1_118' title='bbox 1248 1234 1610 1275; x_wconf 75' lang='lat' dir='ltr'>consentientibus</span> 
     </span>
     <span class='ocr_line' id='line_1_16' title="bbox 85 1304 1612 1361; baseline -0.002 -13"><span class='ocrx_word' id='word_1_119' title='bbox 85 1307 261 1348; x_wconf 81' lang='lat' dir='ltr'>uocibus</span> <span class='ocrx_word' id='word_1_120' title='bbox 294 1306 466 1347; x_wconf 86' lang='lat' dir='ltr'>ferreris</span> <span class='ocrx_word' id='word_1_121' title='bbox 500 1306 552 1347; x_wconf 90' lang='lat' dir='ltr'>ad</span> <span class='ocrx_word' id='word_1_122' title='bbox 585 1307 769 1361; x_wconf 88' lang='lat' dir='ltr'>caelum,</span> <span class='ocrx_word' id='word_1_123' title='bbox 803 1307 838 1347; x_wconf 93' lang='lat' dir='ltr'>si</span> <span class='ocrx_word' id='word_1_124' title='bbox 870 1320 996 1346; x_wconf 89' lang='lat' dir='ltr'>nemo</span> <span class='ocrx_word' id='word_1_125' title='bbox 1029 1305 1108 1346; x_wconf 91' lang='lat' dir='ltr'>tibi</span> <span class='ocrx_word' id='word_1_126' title='bbox 1143 1305 1318 1346; x_wconf 81' lang='lat' dir='ltr'>auderet</span> <span class='ocrx_word' id='word_1_127' title='bbox 1351 1319 1441 1346; x_wconf 85' lang='lat' dir='ltr'>esse</span> <span class='ocrx_word' id='word_1_128' title='bbox 1474 1304 1612 1345; x_wconf 88' lang='lat' dir='ltr'>inimi-</span> 
     </span>
     <span class='ocr_line' id='line_1_17' title="bbox 85 1375 1609 1433; baseline -0.001 -15"><span class='ocrx_word' id='word_1_129' title='bbox 85 1391 170 1433; x_wconf 88' lang='lat' dir='ltr'>cus,</span> <span class='ocrx_word' id='word_1_130' title='bbox 201 1377 237 1419; x_wconf 90' lang='lat' dir='ltr'>si</span> <span class='ocrx_word' id='word_1_131' title='bbox 269 1377 549 1432; x_wconf 89' lang='lat' dir='ltr'>municipales</span> <span class='ocrx_word' id='word_1_132' title='bbox 582 1378 755 1419; x_wconf 84' lang='lat' dir='ltr'>tabulae</span> <span class='ocrx_word' id='word_1_133' title='bbox 782 1380 825 1418; x_wconf 95' lang='lat' dir='ltr'>te</span> <span class='ocrx_word' id='word_1_134' title='bbox 851 1391 939 1417; x_wconf 91' lang='lat' dir='ltr'>non</span> <span class='ocrx_word' id='word_1_135' title='bbox 973 1377 1110 1418; x_wconf 89' lang='lat' dir='ltr'>solum</span> <span class='ocrx_word' id='word_1_136' title='bbox 1145 1377 1304 1417; x_wconf 89' lang='lat' dir='ltr'>ciuium</span> <span class='ocrx_word' id='word_1_137' title='bbox 1337 1378 1509 1418; x_wconf 90' lang='lat' dir='ltr'>tuorum</span> <span class='ocrx_word' id='word_1_138' title='bbox 1537 1375 1609 1417; x_wconf 89' lang='lat' dir='ltr'>sed</span> 
     </span>
     <span class='ocr_line' id='line_1_18' title="bbox 85 1447 1612 1503; baseline -0.001 -14"><span class='ocrx_word' id='word_1_139' title='bbox 85 1449 215 1490; x_wconf 88' lang='lat' dir='ltr'>etiam</span> <span class='ocrx_word' id='word_1_140' title='bbox 252 1448 491 1490; x_wconf 89' lang='lat' dir='ltr'>uicinorum</span> <span class='ocrx_word' id='word_1_141' title='bbox 529 1450 760 1503; x_wconf 89' lang='lat' dir='ltr'>patronum</span> <span class='ocrx_word' id='word_1_142' title='bbox 800 1447 1042 1503; x_wconf 83' lang='lat' dir='ltr'>signarent,</span> <span class='ocrx_word' id='word_1_143' title='bbox 1081 1447 1396 1489; x_wconf 85' lang='lat' dir='ltr'>collocarentur</span> <span class='ocrx_word' id='word_1_144' title='bbox 1432 1449 1612 1499; x_wconf 85' lang='lat' dir='ltr'>statuae,</span> 
     </span>
     <span class='ocr_line' id='line_1_19' title="bbox 82 1518 1612 1574; baseline -0.002 -13"><span class='ocrx_word' id='word_1_145' title='bbox 82 1519 311 1561; x_wconf 88' lang='lat' dir='ltr'>influerent</span> <span class='ocrx_word' id='word_1_146' title='bbox 347 1519 554 1574; x_wconf 83' lang='lat' dir='ltr'>honores,</span> <span class='ocrx_word' id='word_1_147' title='bbox 593 1519 851 1561; x_wconf 87' lang='lat' dir='ltr'>adderentur</span> <span class='ocrx_word' id='word_1_148' title='bbox 883 1519 1012 1561; x_wconf 84' lang='lat' dir='ltr'>etiam</span> <span class='ocrx_word' id='word_1_149' title='bbox 1046 1521 1303 1573; x_wconf 83' lang='lat' dir='ltr'>potestates,</span> <span class='ocrx_word' id='word_1_150' title='bbox 1336 1531 1444 1573; x_wconf 88' lang='lat' dir='ltr'>quae</span> <span class='ocrx_word' id='word_1_151' title='bbox 1478 1518 1612 1559; x_wconf 90' lang='lat' dir='ltr'>muni—</span> 
     </span>
     <span class='ocr_line' id='line_1_20' title="bbox 82 1589 1611 1645; baseline -0.002 -13"><span class='ocrx_word' id='word_1_152' title='bbox 82 1591 264 1645; x_wconf 86' lang='lat' dir='ltr'>cipalem</span> <span class='ocrx_word' id='word_1_153' title='bbox 294 1590 493 1632; x_wconf 89' lang='lat' dir='ltr'>habitum</span> <span class='ocrx_word' id='word_1_154' title='bbox 525 1592 907 1644; x_wconf 86' lang='lat' dir='ltr'>supercrescerent,</span> <span class='ocrx_word' id='word_1_155' title='bbox 941 1590 1151 1632; x_wconf 88' lang='lat' dir='ltr'>conuiuiis</span> <span class='ocrx_word' id='word_1_156' title='bbox 1178 1589 1409 1631; x_wconf 89' lang='lat' dir='ltr'>cotidianis</span> <span class='ocrx_word' id='word_1_157' title='bbox 1437 1603 1611 1630; x_wconf 87' lang='lat' dir='ltr'>mensae</span> 
     </span>
     <span class='ocr_line' id='line_1_21' title="bbox 83 1661 1610 1716; baseline 0 -14"><span class='ocrx_word' id='word_1_158' title='bbox 83 1662 252 1716; x_wconf 90' lang='lat' dir='ltr'>opimae</span> <span class='ocrx_word' id='word_1_159' title='bbox 279 1664 559 1713; x_wconf 87' lang='lat' dir='ltr'>struerentur,</span> <span class='ocrx_word' id='word_1_160' title='bbox 593 1661 706 1716; x_wconf 89' lang='lat' dir='ltr'>quod</span> <span class='ocrx_word' id='word_1_161' title='bbox 734 1662 884 1716; x_wconf 88' lang='lat' dir='ltr'>cuique</span> <span class='ocrx_word' id='word_1_162' title='bbox 912 1663 1025 1703; x_wconf 88' lang='lat' dir='ltr'>esset</span> <span class='ocrx_word' id='word_1_163' title='bbox 1049 1675 1234 1715; x_wconf 85' lang='lat' dir='ltr'>necesse,</span> <span class='ocrx_word' id='word_1_164' title='bbox 1268 1661 1380 1716; x_wconf 89' lang='lat' dir='ltr'>quod</span> <span class='ocrx_word' id='word_1_165' title='bbox 1407 1661 1610 1715; x_wconf 89' lang='lat' dir='ltr'>cuiusque</span> 
     </span>
     <span class='ocr_line' id='line_1_22' title="bbox 81 1732 1610 1787; baseline -0.001 -13"><span class='ocrx_word' id='word_1_166' title='bbox 81 1733 213 1774; x_wconf 90' lang='lat' dir='ltr'>etiam</span> <span class='ocrx_word' id='word_1_167' title='bbox 248 1733 424 1774; x_wconf 89' lang='lat' dir='ltr'>deliciae</span> <span class='ocrx_word' id='word_1_168' title='bbox 458 1733 639 1787; x_wconf 90' lang='lat' dir='ltr'>sitirent,</span> <span class='ocrx_word' id='word_1_169' title='bbox 671 1732 965 1774; x_wconf 88' lang='lat' dir='ltr'>indubitanter</span> <span class='ocrx_word' id='word_1_170' title='bbox 993 1734 1171 1787; x_wconf 89' lang='lat' dir='ltr'>peteret,</span> <span class='ocrx_word' id='word_1_171' title='bbox 1205 1733 1341 1774; x_wconf 88' lang='lat' dir='ltr'>multa</span> <span class='ocrx_word' id='word_1_172' title='bbox 1368 1733 1497 1775; x_wconf 89' lang='lat' dir='ltr'>etiam</span> <span class='ocrx_word' id='word_1_173' title='bbox 1525 1747 1610 1774; x_wconf 91' lang='lat' dir='ltr'>non</span> 
     </span>
     <span class='ocr_line' id='line_1_23' title="bbox 80 1803 1611 1858; baseline 0 -13"><span class='ocrx_word' id='word_1_174' title='bbox 80 1804 328 1858; x_wconf 86' lang='lat' dir='ltr'>petentibus</span> <span class='ocrx_word' id='word_1_175' title='bbox 373 1803 669 1857; x_wconf 86' lang='lat' dir='ltr'>funderentur,</span> <span class='ocrx_word' id='word_1_176' title='bbox 714 1818 865 1858; x_wconf 88' lang='lat' dir='ltr'>resque</span> <span class='ocrx_word' id='word_1_177' title='bbox 910 1804 1004 1858; x_wconf 88' lang='lat' dir='ltr'>ipsa</span> <span class='ocrx_word' id='word_1_178' title='bbox 1048 1804 1274 1845; x_wconf 86' lang='lat' dir='ltr'>familiaris</span> <span class='ocrx_word' id='word_1_179' title='bbox 1319 1804 1547 1858; x_wconf 85' lang='lat' dir='ltr'>diligenter</span> <span class='ocrx_word' id='word_1_180' title='bbox 1587 1819 1611 1844; x_wconf 83' lang='lat' dir='ltr'>a</span> 
     </span>
     <span class='ocr_line' id='line_1_24' title="bbox 80 1875 1610 1930; baseline -0.001 -15"><span class='ocrx_word' id='word_1_181' title='bbox 80 1875 167 1916; x_wconf 92' lang='lat' dir='ltr'>tuis</span> <span class='ocrx_word' id='word_1_182' title='bbox 206 1875 472 1930; x_wconf 88' lang='lat' dir='ltr'>fideliterque</span> <span class='ocrx_word' id='word_1_183' title='bbox 513 1875 817 1916; x_wconf 88' lang='lat' dir='ltr'>administrata</span> <span class='ocrx_word' id='word_1_184' title='bbox 854 1875 1051 1917; x_wconf 88' lang='lat' dir='ltr'>idoneam</span> <span class='ocrx_word' id='word_1_185' title='bbox 1099 1890 1142 1917; x_wconf 89' lang='lat' dir='ltr'>se</span> <span class='ocrx_word' id='word_1_186' title='bbox 1186 1875 1320 1917; x_wconf 88' lang='lat' dir='ltr'>tantis</span> <span class='ocrx_word' id='word_1_187' title='bbox 1366 1875 1610 1929; x_wconf 87' lang='lat' dir='ltr'>sumptibus</span> 
     </span>
     <span class='ocr_line' id='line_1_25' title="bbox 80 1946 1609 2001; baseline 0 -14"><span class='ocrx_word' id='word_1_188' title='bbox 80 1948 361 2001; x_wconf 89' lang='lat' dir='ltr'>paratamque</span> <span class='ocrx_word' id='word_1_189' title='bbox 405 1947 649 2001; x_wconf 88' lang='lat' dir='ltr'>praeberet,</span> <span class='ocrx_word' id='word_1_190' title='bbox 699 1949 747 1988; x_wconf 91' lang='lat' dir='ltr'>tu</span> <span class='ocrx_word' id='word_1_191' title='bbox 791 1947 957 1988; x_wconf 88' lang='lat' dir='ltr'>interea</span> <span class='ocrx_word' id='word_1_192' title='bbox 1006 1947 1172 1988; x_wconf 88' lang='lat' dir='ltr'>uiueres</span> <span class='ocrx_word' id='word_1_193' title='bbox 1223 1947 1267 1988; x_wconf 92' lang='lat' dir='ltr'>in</span> <span class='ocrx_word' id='word_1_194' title='bbox 1319 1946 1609 1988; x_wconf 88' lang='lat' dir='ltr'>aedificiorum</span> 
     </span>
     <span class='ocr_line' id='line_1_26' title="bbox 81 2017 1611 2073; baseline 0 -15"><span class='ocrx_word' id='word_1_195' title='bbox 81 2017 426 2073; x_wconf 82' lang='lat' dir='ltr'>exquisitissimis</span> <span class='ocrx_word' id='word_1_196' title='bbox 478 2017 681 2070; x_wconf 87' lang='lat' dir='ltr'>molibus,</span> <span class='ocrx_word' id='word_1_197' title='bbox 732 2018 776 2058; x_wconf 90' lang='lat' dir='ltr'>in</span> <span class='ocrx_word' id='word_1_198' title='bbox 826 2018 966 2059; x_wconf 90' lang='lat' dir='ltr'>nitore</span> <span class='ocrx_word' id='word_1_199' title='bbox 1011 2017 1283 2071; x_wconf 84' lang='lat' dir='ltr'>balnearum,</span> <span class='ocrx_word' id='word_1_200' title='bbox 1341 2018 1385 2059; x_wconf 91' lang='lat' dir='ltr'>in</span> <span class='ocrx_word' id='word_1_201' title='bbox 1435 2019 1611 2059; x_wconf 85' lang='lat' dir='ltr'>tesseris</span> 
     </span>
     <span class='ocr_line' id='line_1_27' title="bbox 81 2088 1610 2144; baseline 0.001 -15"><span class='ocrx_word' id='word_1_202' title='bbox 81 2103 187 2143; x_wconf 88' lang='lat' dir='ltr'>quas</span> <span class='ocrx_word' id='word_1_203' title='bbox 219 2088 423 2130; x_wconf 87' lang='lat' dir='ltr'>honestas</span> <span class='ocrx_word' id='word_1_204' title='bbox 456 2103 542 2130; x_wconf 92' lang='lat' dir='ltr'>non</span> <span class='ocrx_word' id='word_1_205' title='bbox 575 2088 752 2143; x_wconf 90' lang='lat' dir='ltr'>respuit,</span> <span class='ocrx_word' id='word_1_206' title='bbox 783 2088 828 2129; x_wconf 90' lang='lat' dir='ltr'>in</span> <span class='ocrx_word' id='word_1_207' title='bbox 860 2089 1099 2140; x_wconf 89' lang='lat' dir='ltr'>uenatibus,</span> <span class='ocrx_word' id='word_1_208' title='bbox 1133 2089 1175 2129; x_wconf 93' lang='lat' dir='ltr'>in</span> <span class='ocrx_word' id='word_1_209' title='bbox 1210 2089 1434 2144; x_wconf 82' lang='lat' dir='ltr'>conuiuiis,</span> <span class='ocrx_word' id='word_1_210' title='bbox 1467 2090 1510 2130; x_wconf 93' lang='lat' dir='ltr'>in</span> <span class='ocrx_word' id='word_1_211' title='bbox 1538 2104 1610 2130; x_wconf 91' lang='lat' dir='ltr'>ore</span> 
     </span>
     <span class='ocr_line' id='line_1_28' title="bbox 81 2159 1610 2214; baseline 0.001 -14"><span class='ocrx_word' id='word_1_212' title='bbox 81 2159 317 2214; x_wconf 85' lang='lat' dir='ltr'>clientium,</span> <span class='ocrx_word' id='word_1_213' title='bbox 356 2160 399 2200; x_wconf 91' lang='lat' dir='ltr'>in</span> <span class='ocrx_word' id='word_1_214' title='bbox 433 2173 505 2200; x_wconf 92' lang='lat' dir='ltr'>ore</span> <span class='ocrx_word' id='word_1_215' title='bbox 539 2159 715 2213; x_wconf 84' lang='lat' dir='ltr'>ciuium,</span> <span class='ocrx_word' id='word_1_216' title='bbox 746 2159 791 2200; x_wconf 90' lang='lat' dir='ltr'>in</span> <span class='ocrx_word' id='word_1_217' title='bbox 828 2174 899 2200; x_wconf 90' lang='lat' dir='ltr'>ore</span> <span class='ocrx_word' id='word_1_218' title='bbox 933 2159 1113 2214; x_wconf 90' lang='lat' dir='ltr'>denique</span> <span class='ocrx_word' id='word_1_219' title='bbox 1146 2160 1422 2214; x_wconf 86' lang='lat' dir='ltr'>populorum,</span> <span class='ocrx_word' id='word_1_220' title='bbox 1460 2160 1610 2202; x_wconf 79' lang='lat' dir='ltr'>huma-</span> 
     </span>
     <span class='ocr_line' id='line_1_29' title="bbox 80 2229 1611 2286; baseline 0.002 -16"><span class='ocrx_word' id='word_1_221' title='bbox 80 2229 303 2282; x_wconf 89' lang='lat' dir='ltr'>nissimus,</span> <span class='ocrx_word' id='word_1_222' title='bbox 351 2230 702 2284; x_wconf 86' lang='lat' dir='ltr'>liberalissimus,</span> <span class='ocrx_word' id='word_1_223' title='bbox 752 2230 1078 2284; x_wconf 89' lang='lat' dir='ltr'>mundissimus,</span> <span class='ocrx_word' id='word_1_224' title='bbox 1127 2230 1517 2286; x_wconf 84' lang='lat' dir='ltr'>fortunatissimus,</span> <span class='ocrx_word' id='word_1_225' title='bbox 1564 2235 1611 2273; x_wconf 93' lang='lat' dir='ltr'>ut</span> 
     </span>
     <span class='ocr_line' id='line_1_30' title="bbox 80 2300 1608 2357; baseline 0.001 -15"><span class='ocrx_word' id='word_1_226' title='bbox 80 2301 232 2355; x_wconf 82' lang='lat' dir='ltr'>suesti,</span> <span class='ocrx_word' id='word_1_227' title='bbox 262 2300 503 2355; x_wconf 78' lang='lat' dir='ltr'>iactareris,</span> <span class='ocrx_word' id='word_1_228' title='bbox 536 2301 761 2356; x_wconf 89' lang='lat' dir='ltr'>quisquam</span> <span class='ocrx_word' id='word_1_229' title='bbox 794 2301 894 2356; x_wconf 90' lang='lat' dir='ltr'>tibi,</span> <span class='ocrx_word' id='word_1_230' title='bbox 926 2301 1213 2357; x_wconf 82' lang='lat' dir='ltr'>Romaniane,</span> <span class='ocrx_word' id='word_1_231' title='bbox 1244 2303 1398 2344; x_wconf 90' lang='lat' dir='ltr'>beatae</span> <span class='ocrx_word' id='word_1_232' title='bbox 1432 2303 1608 2344; x_wconf 89' lang='lat' dir='ltr'>alterius</span> 
     </span>
     <span class='ocr_line' id='line_1_31' title="bbox 80 2372 1609 2429; baseline 0.001 -15"><span class='ocrx_word' id='word_1_233' title='bbox 80 2373 195 2414; x_wconf 89' lang='lat' dir='ltr'>uitae</span> <span class='ocrx_word' id='word_1_234' title='bbox 332 2373 592 2414; x_wconf 87' lang='lat' dir='ltr'>mentionem</span> <span class='ocrx_word' id='word_1_235' title='bbox 634 2372 771 2415; x_wconf 89' lang='lat' dir='ltr'>facere</span> <span class='ocrx_word' id='word_1_236' title='bbox 815 2372 1020 2415; x_wconf 75' lang='lat' dir='ltr'>auderet‘.&gt;</span> <span class='ocrx_word' id='word_1_237' title='bbox 1082 2372 1206 2415; x_wconf 87' lang='lat' dir='ltr'>Nunc</span> <span class='ocrx_word' id='word_1_238' title='bbox 1250 2388 1352 2416; x_wconf 90' lang='lat' dir='ltr'>uero</span> <span class='ocrx_word' id='word_1_239' title='bbox 1395 2389 1523 2429; x_wconf 90' lang='lat' dir='ltr'>quam</span> <span class='ocrx_word' id='word_1_240' title='bbox 1568 2377 1609 2415; x_wconf 86' lang='lat' dir='ltr'>te</span> 
     </span>
     <span class='ocr_line' id='line_1_32' title="bbox 79 2443 1609 2499; baseline 0.002 -15"><span class='ocrx_word' id='word_1_241' title='bbox 79 2443 268 2485; x_wconf 88' lang='lat' dir='ltr'>breuiter</span> <span class='ocrx_word' id='word_1_242' title='bbox 310 2443 624 2485; x_wconf 86' lang='lat' dir='ltr'>admonendum</span> <span class='ocrx_word' id='word_1_243' title='bbox 663 2446 730 2485; x_wconf 93' lang='lat' dir='ltr'>tot</span> <span class='ocrx_word' id='word_1_244' title='bbox 768 2447 810 2485; x_wconf 91' lang='lat' dir='ltr'>et</span> <span class='ocrx_word' id='word_1_245' title='bbox 850 2447 973 2486; x_wconf 87' lang='lat' dir='ltr'>tanta</span> <span class='ocrx_word' id='word_1_246' title='bbox 1014 2459 1121 2499; x_wconf 88' lang='lat' dir='ltr'>quae</span> <span class='ocrx_word' id='word_1_247' title='bbox 1165 2445 1382 2499; x_wconf 86' lang='lat' dir='ltr'>pertulisti</span> <span class='ocrx_word' id='word_1_248' title='bbox 1427 2445 1609 2487; x_wconf 81' lang='lat' dir='ltr'>aduersa</span> 
     </span>
     <span class='ocr_line' id='line_1_33' title="bbox 79 2514 1611 2571; baseline 0.002 -16"><span class='ocrx_word' id='word_1_249' title='bbox 79 2514 302 2556; x_wconf 77' lang='lat' dir='ltr'>fecerunt?</span> <span class='ocrx_word' id='word_1_250' title='bbox 346 2514 443 2556; x_wconf 91' lang='lat' dir='ltr'>Non</span> <span class='ocrx_word' id='word_1_251' title='bbox 477 2515 589 2555; x_wconf 79' lang='lat' dir='ltr'>enim</span> <span class='ocrx_word' id='word_1_252' title='bbox 622 2514 702 2556; x_wconf 82' lang='lat' dir='ltr'>tibi</span> <span class='ocrx_word' id='word_1_253' title='bbox 738 2515 886 2557; x_wconf 89' lang='lat' dir='ltr'>alienis</span> <span class='ocrx_word' id='word_1_254' title='bbox 927 2516 1131 2571; x_wconf 88' lang='lat' dir='ltr'>exemplis</span> <span class='ocrx_word' id='word_1_255' title='bbox 1170 2516 1511 2570; x_wconf 88' lang='lat' dir='ltr'>persuadendum</span> <span class='ocrx_word' id='word_1_256' title='bbox 1545 2520 1611 2558; x_wconf 85' lang='lat' dir='ltr'>est</span> 
     </span>
     <span class='ocr_line' id='line_1_34' title="bbox 79 2585 1611 2643; baseline 0.001 -16"><span class='ocrx_word' id='word_1_257' title='bbox 79 2600 207 2641; x_wconf 84' lang='lat' dir='ltr'>quam</span> <span class='ocrx_word' id='word_1_258' title='bbox 251 2585 365 2628; x_wconf 83' lang='lat' dir='ltr'>fluxa</span> <span class='ocrx_word' id='word_1_259' title='bbox 411 2587 454 2626; x_wconf 88' lang='lat' dir='ltr'>et</span> <span class='ocrx_word' id='word_1_260' title='bbox 497 2585 671 2640; x_wconf 88' lang='lat' dir='ltr'>fragilia</span> <span class='ocrx_word' id='word_1_261' title='bbox 715 2589 757 2627; x_wconf 92' lang='lat' dir='ltr'>et</span> <span class='ocrx_word' id='word_1_262' title='bbox 802 2587 930 2641; x_wconf 90' lang='lat' dir='ltr'>plena</span> <span class='ocrx_word' id='word_1_263' title='bbox 981 2587 1277 2629; x_wconf 86' lang='lat' dir='ltr'>calamitatum</span> <span class='ocrx_word' id='word_1_264' title='bbox 1323 2587 1409 2627; x_wconf 90' lang='lat' dir='ltr'>sint</span> <span class='ocrx_word' id='word_1_265' title='bbox 1454 2588 1611 2643; x_wconf 86' lang='lat' dir='ltr'>omnia,</span> 
     </span>
     <span class='ocr_line' id='line_1_35' title="bbox 77 2657 1608 2713; baseline 0 -14"><span class='ocrx_word' id='word_1_266' title='bbox 77 2672 184 2712; x_wconf 91' lang='lat' dir='ltr'>quae</span> <span class='ocrx_word' id='word_1_267' title='bbox 224 2658 337 2699; x_wconf 90' lang='lat' dir='ltr'>bona</span> <span class='ocrx_word' id='word_1_268' title='bbox 374 2657 577 2698; x_wconf 86' lang='lat' dir='ltr'>mortales</span> <span class='ocrx_word' id='word_1_269' title='bbox 617 2660 774 2711; x_wconf 89' lang='lat' dir='ltr'>putant</span> <span class='ocrx_word' id='word_1_270' title='bbox 814 2672 908 2699; x_wconf 86' lang='lat' dir='ltr'>eum</span> <span class='ocrx_word' id='word_1_271' title='bbox 952 2658 1014 2699; x_wconf 88' lang='lat' dir='ltr'>ita</span> <span class='ocrx_word' id='word_1_272' title='bbox 1059 2672 1108 2699; x_wconf 84' lang='lat' dir='ltr'>ex</span> <span class='ocrx_word' id='word_1_273' title='bbox 1148 2658 1292 2712; x_wconf 88' lang='lat' dir='ltr'>aliqua</span> <span class='ocrx_word' id='word_1_274' title='bbox 1335 2660 1456 2713; x_wconf 83' lang='lat' dir='ltr'>parte</span> <span class='ocrx_word' id='word_1_275' title='bbox 1501 2659 1608 2700; x_wconf 88' lang='lat' dir='ltr'>bene</span> 
     </span>
     <span class='ocr_line' id='line_1_36' title="bbox 78 2728 1608 2784; baseline 0.001 -14"><span class='ocrx_word' id='word_1_276' title='bbox 78 2732 277 2783; x_wconf 85' lang='lat' dir='ltr'>expertus</span> <span class='ocrx_word' id='word_1_277' title='bbox 318 2729 394 2782; x_wconf 88' lang='lat' dir='ltr'>sis,</span> <span class='ocrx_word' id='word_1_278' title='bbox 435 2730 483 2768; x_wconf 90' lang='lat' dir='ltr'>ut</span> <span class='ocrx_word' id='word_1_279' title='bbox 522 2742 571 2769; x_wconf 85' lang='lat' dir='ltr'>ex</span> <span class='ocrx_word' id='word_1_280' title='bbox 610 2730 653 2769; x_wconf 85' lang='lat' dir='ltr'>te</span> <span class='ocrx_word' id='word_1_281' title='bbox 692 2728 843 2770; x_wconf 84' lang='lat' dir='ltr'>ceteris</span> <span class='ocrx_word' id='word_1_282' title='bbox 883 2729 1141 2782; x_wconf 87' lang='lat' dir='ltr'>persuadere</span> <span class='ocrx_word' id='word_1_283' title='bbox 1184 2729 1428 2784; x_wconf 66' lang='lat' dir='ltr'>possimus?</span> <span class='ocrx_word' id='word_1_284' title='bbox 1491 2729 1608 2771; x_wconf 89' lang='lat' dir='ltr'>Nota</span> 
     </span>
     <span class='ocr_line' id='line_1_37' title="bbox 76 2799 1607 2855; baseline 0 -14"><span class='ocrx_word' id='word_1_285' title='bbox 76 2801 209 2842; x_wconf 91' lang='lat' dir='ltr'>uerba</span> <span class='ocrx_word' id='word_1_286' title='bbox 240 2813 290 2841; x_wconf 74' lang='lat' dir='ltr'>ex</span> <span class='ocrx_word' id='word_1_287' title='bbox 320 2800 464 2852; x_wconf 76' lang='lat' dir='ltr'>aliqua</span> <span class='ocrx_word' id='word_1_288' title='bbox 488 2801 632 2851; x_wconf 71' lang='lat' dir='ltr'>parte:</span> <span class='ocrx_word' id='word_1_289' title='bbox 664 2814 764 2840; x_wconf 87' lang='lat' dir='ltr'>nam</span> <span class='ocrx_word' id='word_1_290' title='bbox 792 2799 961 2841; x_wconf 88' lang='lat' dir='ltr'>etiamsi</span> <span class='ocrx_word' id='word_1_291' title='bbox 989 2800 1282 2842; x_wconf 86' lang='lat' dir='ltr'>Romanianus</span> <span class='ocrx_word' id='word_1_292' title='bbox 1310 2801 1385 2842; x_wconf 88' lang='lat' dir='ltr'>illo</span> <span class='ocrx_word' id='word_1_293' title='bbox 1411 2803 1607 2855; x_wconf 79' lang='lat' dir='ltr'>tempore</span> 
     </span>
     <span class='ocr_line' id='line_1_38' title="bbox 77 2870 1607 2928; baseline 0.001 -16"><span class='ocrx_word' id='word_1_294' title='bbox 77 2872 422 2927; x_wconf 87' lang='lat' dir='ltr'>importunarum</span> <span class='ocrx_word' id='word_1_295' title='bbox 474 2870 615 2911; x_wconf 80' lang='lat' dir='ltr'>litium</span> <span class='ocrx_word' id='word_1_296' title='bbox 660 2870 841 2912; x_wconf 89' lang='lat' dir='ltr'>uinculis</span> <span class='ocrx_word' id='word_1_297' title='bbox 885 2870 1130 2926; x_wconf 87' lang='lat' dir='ltr'>implicatus</span> <span class='ocrx_word' id='word_1_298' title='bbox 1175 2872 1393 2913; x_wconf 85' lang='lat' dir='ltr'>laboraret</span> <span class='ocrx_word' id='word_1_299' title='bbox 1438 2871 1607 2928; x_wconf 86' lang='lat' dir='ltr'>(eontra</span> 
     </span>
    </p>
   </div>
   <div class='ocr_carea' id='block_1_3' title="bbox 77 2939 1606 3045">
    <p class='ocr_par' dir='ltr' id='par_1_3' title="bbox 77 2939 1606 3045">
     <span class='ocr_line' id='line_1_39' title="bbox 77 2939 1606 2998; baseline 0 -14"><span class='ocrx_word' id='word_1_300' title='bbox 77 2942 209 2984; x_wconf 84' lang='lat' dir='ltr'>Acad.</span> <span class='ocrx_word' id='word_1_301' title='bbox 230 2941 273 2984; x_wconf 90' lang='lat' dir='ltr'>II</span> <span class='ocrx_word' id='word_1_302' title='bbox 301 2957 390 2997; x_wconf 89' lang='lat' dir='ltr'>cap.</span> <span class='ocrx_word' id='word_1_303' title='bbox 415 2940 459 2983; x_wconf 81' lang='lat' dir='ltr'>Il</span> <span class='ocrx_word' id='word_1_304' title='bbox 484 2939 532 2998; x_wconf 84' lang='lat'>4)</span> <span class='ocrx_word' id='word_1_305' title='bbox 558 2955 847 2996; x_wconf 87' lang='lat' dir='ltr'>magnamque</span> <span class='ocrx_word' id='word_1_306' title='bbox 873 2942 935 2983; x_wconf 89' lang='lat' dir='ltr'>rei</span> <span class='ocrx_word' id='word_1_307' title='bbox 960 2941 1186 2983; x_wconf 86' lang='lat' dir='ltr'>familiaris</span> <span class='ocrx_word' id='word_1_308' title='bbox 1213 2942 1423 2984; x_wconf 88' lang='lat' dir='ltr'>iacturam</span> <span class='ocrx_word' id='word_1_309' title='bbox 1455 2942 1606 2985; x_wconf 88' lang='lat' dir='ltr'>fecisse</span> 
     </span>
     <span class='ocr_line' id='line_1_40' title="bbox 1277 3011 1324 3045; baseline 0 -14"><span class='ocrx_word' id='word_1_310' title='bbox 1277 3011 1324 3045; x_wconf 64' lang='lat'>1*</span> 
     </span>
    </p>
   </div>
  </div>
 </body>
</html>
