2003 3116
309 133 362 173 10
875 130 966 162 PRO
972 128 1242 162 LEGOMENA.

305 240 492 282 numeris
534 237 696 279 mendis
735 235 1016 289 inquinatum.
1079 232 1210 275 Cuius
1248 234 1309 275 rei
1347 234 1640 277 testimonium
1680 238 1821 277 exstat

306 310 473 351 Sei-uati
515 307 625 362 Lupi
669 305 839 347 abbatis
872 303 1158 346 Ferrariensis
1202 305 1247 346 in
1292 305 1475 360 epistola
1518 305 1539 346 I
1583 320 1694 348 anno
1736 307 1821 348 830

305 380 465 422 Fuldae
504 378 615 432 apud
647 376 903 418 Rhabanum
942 376 1185 431 conscripta
1223 378 1265 418 et
1303 376 1356 418 ad
1388 376 1653 418 Einhardum
1690 377 1822 418 missa

305 448 605 505 Seligenstadii
633 449 982 502 commorantem,
1013 448 1058 489 in
1085 462 1167 502 qua
1197 448 1302 490 haec
1333 448 1405 489 ille
1438 447 1612 502 scripsit
1637 445 1822 503 (Lettres

304 522 353 562 de
387 519 538 561 Servat
562 518 683 573 Loup
718 519 829 560 abbe
860 518 910 560 de
942 518 1153 561 Ferrieres
1185 534 1263 574 par
1296 519 1344 561 G.
1372 518 1625 561 Desdevises
1658 518 1713 560 du
1739 517 1821 559 De-

304 594 391 632 zert
424 589 542 632 Paris
573 590 683 632 1888
713 606 753 645 p.
780 588 874 645 45):
908 589 1007 632 ‘Sed
1033 591 1164 632 semel
1191 590 1366 645 pudoris
1392 593 1686 646 transgressus
1712 589 1821 630 limi-

302 665 388 704 tem
422 661 552 703 etiam
585 661 667 703 hoc
698 660 870 715 postulo
903 663 952 702 ut
984 661 1192 715 quosdam
1218 661 1424 702 librorum
1451 660 1558 701 mihi
1583 660 1652 701 hic
1678 659 1820 714 posito

303 732 592 787 commodetis,
624 746 884 787 quamquam
916 732 1054 774 multo
1089 732 1144 774 sit
1177 732 1319 774 minus
1354 732 1487 773 libros
1521 746 1647 785 quam
1679 730 1820 772 amici-

301 805 407 845 tiam
451 803 659 859 flagitare.
723 802 832 845 Sunt
877 806 1020 844 autem
1064 803 1126 845 hi:
1173 803 1306 844 Tullii
1349 802 1398 844 de
1443 802 1658 843 rhetorica
1701 801 1823 855 liber,

303 890 430 929 quem
464 874 633 930 quidem
665 874 802 916 habeo
837 874 910 915 sed
942 874 984 915 in
1011 875 1224 930 plerisque
1251 874 1513 916 mendosum.
1562 872 1700 922 Quare
1727 886 1822 913 cum

302 946 446 988 codice
471 946 570 988 istic
596 948 765 1000 reperto
793 945 915 987 illum
942 945 1121 988 contuli:
1149 948 1192 987 et
1217 960 1341 1001 quem
1368 944 1594 986 certiorem
1620 943 1828 998 putabam

303 1016 617 1058 mendosiorem
669 1016 824 1058 inueni.
885 1015 996 1057 Item
1041 1017 1230 1058 eiusdem
1280 1016 1466 1058 auctoris
1513 1015 1562 1056 de
1613 1015 1829 1056 rhetorica

302 1091 388 1130 tres
428 1088 530 1129 libri
569 1088 614 1129 in
654 1087 949 1142 disputatione
989 1102 1037 1129 ac
1076 1087 1245 1143 dialogo
1286 1087 1335 1129 de
1376 1089 1563 1129 oratore:
1608 1100 1713 1141 quos
1751 1100 1829 1127 uos

301 1160 460 1202 habere
502 1159 690 1200 arbitror
721 1162 951 1213 propterea
985 1159 1097 1214 quod
1130 1159 1174 1200 in
1205 1159 1327 1200 breui
1366 1159 1635 1200 uoluminum
1666 1159 1828 1198 uestro-

302 1246 396 1272 rum
429 1232 528 1284 post
560 1231 1013 1272 commemorationem
1046 1230 1145 1271 libri
1178 1230 1230 1271 ad
1262 1229 1528 1271 Herennium
1561 1228 1829 1283 interpositis

303 1301 558 1357 quibusdam
604 1300 699 1342 aliis
746 1301 953 1355 scriptum
998 1301 1185 1355 repperi:
1232 1299 1463 1342 eCiceronis
1511 1300 1561 1342 de
1604 1299 1829 1341 rhetorica.

302 1374 428 1415 Item:
468 1372 713 1427 explanatio
752 1372 795 1413 in
834 1372 969 1413 libros
1004 1370 1251 1414 Ciceronis.²
1302 1371 1529 1413 Praeterea
1567 1370 1670 1412 Auli
1704 1369 1829 1411 Gellii

301 1444 503 1486 Noctium
539 1443 794 1484 Atticarum.
858 1441 938 1484 Sed
977 1445 1019 1484 et
1058 1443 1130 1484 alii
1168 1443 1312 1497 plures
1351 1443 1396 1484 in
1435 1441 1653 1498 praedicto
1692 1441 1829 1482 breui:

302 1531 427 1571 quos,
467 1514 504 1556 si
537 1514 638 1556 deus
672 1514 784 1569 apud
816 1528 895 1556 uos
929 1514 1035 1555 mihi
1068 1514 1255 1569 gratiam
1288 1513 1469 1565 dederit,
1508 1513 1604 1554 istis
1636 1512 1829 1553 remissis

302 1587 515 1641 accipiens
549 1585 847 1627 describendas
887 1585 994 1626 mihi
1035 1584 1136 1626 dum
1168 1585 1236 1627 hic
1270 1600 1364 1626 sum
1403 1585 1650 1626 auidissime
1683 1598 1829 1626 curare

302 1657 454 1713 cupio?
500 1657 664 1707 Quibus
692 1670 741 1697 ex
769 1656 912 1697 uerbis
941 1656 1052 1710 quod
1081 1656 1209 1697 etiam
1242 1670 1293 1697 ex
1320 1656 1503 1710 epistola
1529 1654 1670 1697 LXIX
1698 1655 1724 1696 l.
1746 1669 1771 1696 s.
1798 1669 1829 1697 s.

303 1745 341 1784 p.
371 1730 453 1771 137
496 1727 765 1782 intellegitur
804 1727 985 1768 dilucide
1025 1729 1202 1781 apparet
1241 1727 1407 1781 Lupum
1446 1741 1556 1768 anno
1589 1727 1674 1768 830
1709 1726 1828 1767 lecti-

301 1800 464 1841 tauisse
492 1796 780 1854 epistolarum
800 1797 1016 1840 Ciceronis
1043 1799 1200 1840 librum
1226 1797 1258 1840 I.
1309 1798 1422 1840 Nam
1449 1798 1666 1840 Ciceronis
1692 1797 1826 1852 ipsius

302 1871 434 1912 uerba
473 1870 596 1925 epist.
622 1869 643 1910 Ι
670 1870 709 1925 9,
735 1871 810 1911 23:
859 1867 1034 1924 eScripsi
1074 1870 1207 1924 igitur
1239 1869 1491 1911 Aristotelio
1529 1883 1645 1911 more
1685 1883 1826 1923 quem·

304 1940 531 1983 admodum
565 1941 736 1996 quidem
770 1941 887 1983 uolui
913 1944 1000 1982 tres
1033 1940 1167 1982 libros
1195 1941 1239 1981 in
1265 1940 1552 1995 disputatione
1580 1955 1627 1982 ac
1654 1939 1826 1994 dialogo

302 2013 351 2054 de
397 2012 582 2055 oratore'
623 2028 656 2054 e.
690 2028 728 2067 q.
762 2028 793 2056 s.
838 2013 883 2054 in
926 2013 1003 2053 illa
1050 2013 1102 2054 ad
1146 2012 1412 2054 Einhardum
1457 2011 1640 2067 epistola
1684 2010 1828 2052 attulit

301 2100 438 2140 neque
492 2087 634 2126 tamen
687 2086 801 2126 recte
855 2084 1102 2137 catalogum
1158 2083 1456 2138 bybliothecae
1507 2081 1826 2124 Einhardianae

301 2157 608 2210 interpretatus
643 2158 719 2197 est.
773 2154 885 2198 Nam
922 2169 1026 2209 quos
1062 2153 1134 2194 ille
1167 2154 1338 2208 putauit
1369 2153 1510 2194 uerbis
1547 2153 1750 2195 Ciceronis
1781 2153 1827 2194 de

300 2227 499 2269 rhetorica
537 2226 769 2281 significari
808 2226 940 2267 libros
976 2225 1025 2266 de
1061 2227 1250 2280 oratore,
1289 2224 1326 2265 ei
1360 2238 1461 2266 sane
1494 2223 1613 2265 fuere
1646 2224 1743 2265 libri
1776 2224 1824 2265 de

301 2299 403 2339 iuu.:
448 2299 668 2351 praeterea
700 2297 745 2337 in
784 2297 859 2338 illa
900 2295 1174 2350 bybliotheca
1212 2295 1337 2336 Marii
1377 2294 1591 2336 Victorini
1625 2295 1824 2349 explana-

301 2369 463 2410 tionem
495 2368 537 2408 in
571 2368 704 2409 libros
739 2367 787 2408 de
827 2368 911 2409 inu.
948 2366 1144 2408 extitisse
1178 2366 1263 2407 illis
1306 2380 1415 2421 quae
1448 2368 1650 2407 secuntur
1681 2365 1824 2406 uerbis

301 2440 536 2481 edocemur.
598 2437 799 2480 Seorsum
832 2438 1013 2493 denique
1051 2437 1137 2479 illis
1170 2437 1436 2492 temporibus
1474 2436 1607 2478 libros
1640 2436 1691 2477 ad
1723 2433 1823 2478 Her.

302 2513 344 2552 et
375 2511 508 2552 libros
535 2510 584 2552 de
610 2510 694 2552 inu.
723 2508 907 2551 describi
934 2511 976 2550 et
1001 2523 1156 2550 uenum
1190 2508 1278 2549 dari
1313 2507 1464 2548 solitos
1494 2521 1585 2548 esse
1613 2522 1662 2548 ex
1689 2507 1824 2549 indice

302 2581 598 2636 bybliothecae
633 2596 756 2636 quem
790 2580 914 2622 nobis
948 2579 1094 2634 Lupus
1126 2580 1171 2621 in
1198 2579 1273 2620 illa
1307 2578 1487 2630 epistola
1515 2578 1703 2619 seruauit
1734 2578 1822 2619 iure

304 2653 570 2707 colligemus:
622 2652 734 2706 quod
785 2653 1041 2694 confirmant
1091 2650 1256 2693 codices
1308 2650 1423 2690 illius
1477 2649 1636 2691 saeculi
1687 2648 1824 2690 adhuc

304 2724 473 2766 seruati.

33 2805 248 2831 Unda-cmm
269 2805 304 2830 Μ.
426 2794 551 2835 Tales
585 2794 696 2834 enim
729 2793 827 2835 libri
863 2793 1008 2848 quales
1043 2796 1084 2833 et
1116 2793 1159 2833 in
1184 2792 1294 2846 Lupi
1327 2794 1368 2833 et
1401 2792 1444 2833 in
1476 2790 1674 2833 Rhabani
1707 2792 1748 2830 et
1779 2790 1823 2830 in

304 2864 513 2906 Einhardi
552 2864 722 2906 ineunte
763 2865 930 2906 saeculo
964 2863 1026 2905 IX
1066 2863 1197 2905 fuisse
1236 2862 1512 2916 bybliotheca
1544 2876 1594 2902 ex
1631 2861 1706 2902 illa
1740 2860 1825 2914 epi-
