2003 3116
143 878 173 901 10

584 120 728 153 LIBER
753 121 780 153 1.
832 120 929 155 CAP.
958 123 1083 154 9—10.
1134 123 1152 162 g
1179 123 1328 155 14—17.
1630 119 1710 160 197

196 228 477 283 transeamus,
508 242 562 270 ne
595 228 648 270 ab
681 227 833 270 ultimo
866 231 1123 284 repetamus,
1154 243 1206 270 ne
1239 229 1366 285 longe
1397 243 1713 285 persequamur,

195 312 248 339 ne
276 299 390 353 quid,
415 299 528 354 quod
554 299 606 341 ad
632 314 723 340 rem
747 299 973 355 pertineat,
1000 302 1331 355 praetereamus,
1357 303 1399 343 et
1425 301 1461 342 si
1487 315 1713 356 sequemur

197 383 258 422 ea,
293 384 400 424 quae
433 371 482 412 de
515 371 726 412 breuitate
751 373 979 425 praecepta
1009 374 1128 427 sunt3
1159 386 1259 413 nam
1287 386 1370 427 quo
1397 372 1580 424 breuior,
1611 372 1710 427 <eo>

196 440 420 483 dilucidior
450 444 493 483 et
524 442 701 497 cognitu
733 441 902 484 facilior
932 441 1122 484 narratio
1155 443 1239 484 fiet.

314 510 434 553 Veri
472 512 658 554 similis
690 513 882 555 narratio
922 513 1019 568 erit,
1051 514 1105 567 si,
1142 517 1190 555 ut
1228 528 1342 568 mos,
1383 518 1430 556 ut
1463 515 1625 570 opinio,
1663 518 1768 558 ut16

194 585 350 624 natura
386 583 596 637 postulat,
634 583 838 638 dicemus,
878 584 913 626 si
952 585 1093 639 spatia
1130 586 1392 640 temporum,
1430 601 1711 641 personarum

195 653 427 708 dignitates
445 687 456 708 ,
519 654 795 696 consiliorum
851 656 1064 711 rationes,
1118 656 1307 698 locorum
1365 659 1710 713 opportunitates

195 725 467 781 constabunt,
497 739 549 766 ne
580 725 718 767 refelli
749 726 889 781 possit
927 728 1001 768 aut
1038 728 1246 781 temporis
1284 743 1435 783 parum
1474 729 1603 771 fuisse
1637 732 1711 771 aut

194 810 365 838 causam
397 796 562 839 nullam
596 797 841 838 aut.locum
879 797 1078 839 idoneum
1117 813 1201 840 non
1234 798 1366 841 fuisse
1405 802 1479 841 aut
1515 800 1709 842 homines

193 867 309 922 ipsos
341 867 482 909 facere
515 871 589 909 aut
614 868 705 923 pati
737 883 823 910 non
855 869 1060 923 potuisse.
1121 867 1166 911 Si
1197 884 1299 911 uera
1325 885 1391 912 res
1425 871 1522 925 erit,
1554 871 1710 914 nihilo-

193 939 334 980 minus
372 938 477 980 haec
519 939 662 980 omnia
699 939 914 981 narrando
961 941 1252 982 conseruanda
1290 944 1408 997 sunt,
1445 957 1544 984 nam
1583 957 1709 998 saepe

188 1010 367 1064 ueritas,
398 1009 482 1052 nisi
514 1009 619 1052 haec
652 1014 823 1052 seruata
854 1011 957 1065 sint,
989 1011 1114 1053 fidem
1146 1027 1234 1054 non
1272 1016 1416 1067 potest
1453 1013 1609 1056 facere:
1644 1014 1709 1056 sin

189 1084 314 1123 erunt
344 1081 458 1136 ficta,
491 1096 540 1124 eo
575 1082 714 1137 magis
747 1085 871 1124 erunt
903 1083 1211 1125 conseruanda.
1263 1083 1327 1126 De
1352 1085 1405 1127 iis
1432 1086 1559 1127 rebus
1587 1088 1708 1128 caute

187 1153 518 1209 confingendum
550 1155 628 1207 est,
660 1153 813 1208 quibus
847 1153 891 1195 in
923 1153 1050 1195 rebus
1076 1154 1250 1196 tabulae
1279 1158 1352 1197 aut
1379 1156 1558 1198 alicuius
1584 1157 1708 1199 firma

157 1234 172 1258 ὃ
195 1225 428 1267 auctoritas
462 1224 677 1266 uidebitur
709 1224 964 1266 interfuisse.

303 1296 455 1338 Adhuc
481 1311 588 1351 quae
616 1296 729 1337 dicta
756 1299 856 1338 sunt
883 1296 1068 1338 arbitror
1092 1296 1197 1338 mihi
1218 1300 1413 1339 constare
1435 1313 1528 1340 cum
1557 1300 1707 1341 ceteris

185 1367 289 1409 artis
322 1367 617 1422 scriptoribus,
649 1367 733 1408 nisi
760 1367 860 1422 quia
887 1367 937 1408 de
963 1368 1325 1411 insinuationibus
1352 1385 1466 1412 noua
1493 1371 1707 1426 excogita-

184 1438 336 1494 uimus,
362 1438 475 1494 quod
502 1453 594 1480 eam
624 1439 704 1481 soli
735 1441 908 1494 praeter
941 1441 1102 1481 ceteros
1142 1440 1186 1481 in
1218 1441 1301 1482 tria
1334 1444 1530 1496 tempora
1562 1442 1706 1484 diuisi-

183 1525 289 1564 mus,
321 1513 368 1552 ut
399 1510 524 1565 plane
557 1513 719 1552 certam
751 1511 866 1552 uiam
899 1513 941 1552 et
978 1512 1248 1567 perspicuam
1287 1514 1497 1554 rationem
1543 1514 1703 1556 exordi-

130 1591 145 1615 2
184 1596 305 1623 orum
349 1582 614 1625 haberemus.
677 1580 823 1637 Nunc,
866 1581 978 1637 quod
1020 1583 1232 1638 reliquum
1279 1585 1363 1636 est,
1405 1586 1609 1638 quoniam
1654 1585 1703 1627 de
1724 1583 1776 1624 10

182 1668 325 1695 rerum
357 1653 602 1695 inuentione
635 1652 938 1707 disputandum
972 1656 1054 1708 est,
1095 1654 1140 1695 in
1174 1668 1255 1708 quo
1296 1655 1515 1711 singulare
1555 1670 1704 1698 consu·

182 1724 313 1766 mitur
353 1725 535 1766 oratoris
577 1724 821 1778 artificium,
862 1724 1058 1766 dabimus
1107 1740 1300 1780 operam,
1338 1730 1386 1768 ut
1423 1726 1704 1769 nihilominus

181 1796 406 1851 industrie,
445 1811 572 1852 quam
610 1795 673 1837 rei
712 1795 878 1838 utilitas
917 1796 1174 1851 postulabit,
1214 1798 1430 1852 quaesisse
1471 1798 1704 1854 uideamur,

182 1868 218 1909 si
250 1868 368 1923 prius
400 1882 537 1923 pauca
568 1867 619 1909 de
653 1867 862 1909 diuisione
895 1881 1122 1910 causarum
1156 1868 1401 1911 dixerimus.

299 1937 535 1981 Causarum
568 1939 758 1980 diuisio
792 1939 836 1979 in
870 1939 974 1981 duas
1006 1942 1151 1994 partes
1185 1940 1416 1982 distributa
1449 1944 1524 1983 est.
1720 1951 1760 1981 17

298 2009 489 2053 Primum
529 2025 605 2065 per
644 2011 933 2052 narrationem
971 2011 1171 2053 debemus
1218 2012 1400 2067 aperire,
1439 2013 1537 2067 quid
1577 2014 1700 2055 nobis

299 2176 319 2210 1
347 2177 598 2220 rerepetamus
632 2175 668 2210 b¹
796 2175 818 2208 2
852 2185 1048 2219 sequemur
1081 2176 1242 2211 PHBC'
1285 2187 1483 2220 sequamur
1514 2177 1538 2212 <Z
1579 2188 1699 2221 perse-

179 2239 333 2272 quemur
359 2230 399 2263 bl
438 2228 648 2272 quaerimus
676 2228 719 2262 H
813 2226 835 2261 3
857 2239 928 2271 quo
949 2230 1096 2264 breuior
1117 2240 1159 2263 eo
1178 2229 1375 2264 dilucidior
1401 2230 1573 2274 (lucidior
1587 2231 1621 2275 b)
1636 2231 1706 2266 EC

179 2293 251 2326 quo
267 2282 379 2326 (quod
395 2282 483 2327 PB)
498 2281 646 2316 breuior
667 2281 864 2316 dilucidior
884 2282 1105 2326 (delucidior
1119 2283 1176 2327 Η)
1197 2283 1360 2317 ΗΡΠΒ
1428 2283 1452 2317 4
1479 2284 1628 2328 cognito
1646 2285 1701 2318 H¹

178 2335 256 2381 fiet]
284 2336 348 2370 fiet
373 2335 436 2369 DE
462 2334 729 2370 UERISIMILI
756 2334 1075 2369 NARRATIONE
1101 2339 1136 2368 Μ
1248 2336 1264 2370 7
1295 2335 1568 2380 oportunitates
1595 2337 1701 2372 HCb

183 2389 204 2424 S
230 2390 376 2434 possint
401 2390 445 2423 H
556 2389 606 2424 10
630 2391 672 2422 ut
696 2389 776 2433 pati
802 2389 859 2422 Η1
909 2388 1003 2422 1111111
1031 2388 1199 2423 omninos
1227 2392 1263 2434 (u
1289 2401 1396 2434 super
1423 2402 1462 2424 os
1482 2391 1634 2434 scripta)
1660 2391 1701 2424 H

177 2442 270 2476 1111111
294 2443 465 2477 hominus
500 2443 530 2477 O
624 2442 673 2477 1‘..)
701 2444 785 2476 sunt
811 2442 855 2476 Η
935 2442 1061 2486 potest
1081 2453 1153 2476 non
1181 2443 1192 2476 l
1290 2442 1338 2477 13
1370 2443 1477 2477 fictae
1510 2444 1570 2477 HZ
1601 2444 1698 2478 facte

176 2496 203 2540 (i
228 2499 289 2530 ml
317 2507 424 2540 super
450 2508 471 2530 a,
491 2497 629 2541 posita)
665 2497 684 2530 b
734 2495 1007 2530 conseruandae
1036 2495 1080 2529 H
1132 2496 1184 2529 De
1206 2507 1261 2530 om
1287 2496 1328 2529 H
1375 2495 1420 2530 iis
1450 2496 1696 2542 Cratandrea]

176 2549 233 2584 his
351 2548 398 2582 14
424 2549 708 2593 contingendum
735 2550 754 2583 b
814 2548 1087 2592 confligendum
1113 2550 1179 2583 Md
1238 2548 1512 2594 confligendum
1538 2560 1564 2583 s.
1585 2560 1610 2583 s.
1634 2553 1696 2583 1111

174 2604 235 2638 uel
262 2602 544 2646 contingendum
571 2603 583 2636 l
727 2602 775 2636 15
808 2602 904 2636 inter
938 2601 1051 2637 fuisse
1086 2602 1247 2637 HPBC
1390 2603 1437 2637 16
1473 2606 1559 2637 sunt
1594 2614 1648 2638 om
1675 2605 1699 2638 <l

177 2656 220 2692 17
248 2668 346 2691 noua
372 2655 483 2690 HGE
521 2666 640 2689 nouae
665 2655 742 2689 PB
778 2666 874 2688 noue
901 2657 939 2688 Π
1010 2655 1060 2690 18
1082 2667 1126 2690 ea
1152 2656 1233 2689 BH
1293 2655 1362 2690 soli
1381 2666 1448 2690 nos
1468 2660 1495 2689 E
1557 2656 1654 2691 atria
1672 2657 1701 2691 0

175 2709 375 2744 diuidimus
401 2710 426 2744 cl
500 2709 548 2743 19
576 2719 640 2753 per
667 2708 832 2752 spicuam
859 2710 888 2741 P
959 2708 1006 2742 21
1034 2719 1108 2752 qua
1132 2712 1160 2741 E
1234 2708 1281 2743 22
1309 2709 1505 2744 artificium
1527 2710 1697 2745 HPHB

175 2762 337 2798 officium
367 2763 453 2798 Cbcl
493 2761 654 2797 officium
680 2772 706 2796 s.
727 2772 754 2796 3.
775 2765 844 2795 m]
877 2760 937 2795 uel
970 2760 1168 2796 artificium
1200 2763 1212 2796 l
1339 2761 1478 2797 nichilo
1511 2763 1632 2797 minus
1664 2768 1692 2798 E

173 2817 267 2851 nihil
299 2816 439 2851 ominus
454 2817 499 2851 H
520 2814 615 2850 nihil
639 2815 760 2849 minus
780 2814 939 2849 PHBG
1009 2814 1058 2849 23
1078 2814 1259 2850 industrie
1279 2816 1299 2851 b
1336 2814 1542 2850 industriae
1562 2817 1694 2862 reliqui

174 2870 393 2905 uidebamur
414 2870 471 2904 Ηι
567 2869 615 2904 26
640 2879 706 2914 per
731 2868 977 2903 narrationem
999 2872 1033 2902 M
1070 2870 1243 2913 perorata
1268 2868 1479 2905 narratione
1504 2874 1531 2904 E
