2003 3116
694 133 1063 182 PROLEGOMENA.
1561 133 1642 173 133

239 239 464 282 Postremo
509 240 615 282 haec
659 255 827 296 quoque
873 241 1137 296 comparatio
1177 241 1231 283 ad
1268 241 1525 284 uetustiores
1562 256 1641 283 nos

121 310 299 352 deducet
342 314 550 354 auctores.
612 312 659 361 Q.
698 311 886 354 Terentii
930 312 1078 355 Scauri
1123 313 1396 368 grammatici
1432 312 1642 356 Hadriani

119 382 384 436 temporibus
405 383 476 424 uel
494 383 754 425 nobilissimi
773 384 934 438 scripta
955 384 1196 438 complures
1215 385 1466 439 posterioris
1487 385 1640 426 aetatis

87 458 89 460 '
121 453 424 507 grammaticos
453 454 706 508 compilasse
739 455 938 509 exposuit
962 453 1309 497 HKummrowus
1343 456 1540 510 symbola
1566 456 1641 497 cri-

120 524 205 565 tica
237 523 290 566 ad
321 524 629 579 grammaticos
661 523 836 566 Latinos
871 523 1242 579 Gryphiswaldiae
1277 526 1390 568 1880
1423 542 1461 581 p.
1486 527 1642 581 9seqq.

119 609 299 649 quorum
340 594 606 636 celeberrimi
645 599 745 636 sunt
784 594 1005 638 Charisius
1044 596 1273 638 Diomedes
1307 596 1514 639 Donatus.
1575 597 1640 639 Ex

119 665 272 719 quibus
301 663 523 707 Charisius
548 681 588 720 p.
616 667 714 718 273,
744 666 796 707 19
825 669 867 707 et
892 658 1121 708 Diomedes
1147 683 1186 722 p.
1213 667 1313 722 458,
1342 669 1395 709 13
1430 668 1479 709 de
1507 671 1640 710 meto-

115 737 289 790 nymiae
331 736 467 778 modis
511 737 689 778 eandem
734 737 974 779 doctrinam
1019 738 1243 792 proferunt
1286 753 1415 792 quam
1459 739 1641 794 scriptor

117 807 168 849 ad
202 806 301 850 Her.
326 807 388 850 IV
416 808 490 863 32,
514 808 571 850 43
612 807 758 849 eadem
797 809 862 850 usi
901 808 1149 863 partitione.
1209 808 1287 850 Ille
1321 812 1512 852 extremo
1545 810 1638 852 loco

114 878 220 920 haec
250 879 400 921 habet:
434 878 502 920 ‘ab
530 894 579 921 eo
606 878 718 935 quod
750 880 801 922 fit
831 880 875 922 id
908 880 1019 935 quod
1054 880 1170 934 facit,
1202 883 1249 921 ut
1280 880 1453 935 pigrum
1486 881 1639 923 dicitur

114 951 270 1005 frigus3
301 965 387 992 non
414 951 527 992 enim
554 951 695 1006 ipsum
728 951 867 1006 frigus
901 952 1071 1007 pigrum
1106 954 1183 1006 est,
1216 952 1289 993 sed
1322 952 1468 1007 pigros
1500 951 1637 994 facit':

112 1021 259 1063 eadem
303 1022 390 1063 fere
435 1022 637 1077 leguntur
682 1023 794 1078 apud
840 1022 1091 1064 Diomedem
1130 1023 1155 1065 1.
1191 1038 1221 1064 S.
1259 1038 1335 1064 nec
1375 1023 1544 1065 diuersa
1586 1023 1638 1064 ad

111 1092 210 1134 Her.
238 1093 341 1134 1.s.:
375 1093 466 1135 taut
498 1093 552 1147 si,
591 1094 705 1148 quod
743 1094 867 1148 facit,
907 1095 959 1136 ab
994 1108 1042 1135 eo
1076 1094 1187 1148 quod
1222 1094 1285 1147 fit,
1324 1098 1371 1136 ut
1404 1109 1498 1135 cum
1531 1093 1638 1134 desi-

110 1163 275 1206 diosam
303 1167 440 1205 artem
466 1164 655 1218 dicimus,
689 1165 788 1220 quia
821 1164 1055 1206 desidiosos
1084 1164 1197 1218 facit,
1230 1169 1271 1206 et
1302 1165 1438 1220 frigus
1466 1165 1638 1220 pigrum

111 1235 211 1289 quia
247 1235 395 1289 pigros
439 1235 598 1276 efficit?
660 1234 751 1277 Nec
788 1250 877 1277 non
919 1236 1013 1277 aliis
1052 1236 1158 1278 locis
1199 1236 1344 1277 eadem
1390 1236 1639 1290 agnoscitur

110 1306 312 1348 affinitas.
363 1305 431 1348 Ad
457 1305 557 1348 Her.
585 1307 646 1349 IV
672 1307 736 1361 12,
760 1308 813 1349 18
846 1307 951 1349 haec
978 1307 1221 1350 traduntur:
1255 1307 1312 1349 ‘et
1340 1308 1376 1348 si
1403 1307 1636 1349 uitabimus

111 1377 299 1419 eiusdem
338 1377 509 1420 litterae
551 1379 730 1421 nimiam
770 1378 1073 1421 adsiduitatem
1118 1380 1184 1421 cui
1226 1380 1334 1421 uitio
1377 1393 1525 1421 uersus
1567 1378 1637 1420 1110

110 1449 191 1490 erit
224 1449 480 1504 exemplo..
501 1483 510 1492 .
549 1450 583 1491 O
611 1450 708 1492 Tite
741 1452 832 1492 tute
859 1450 957 1492 Tati
989 1451 1070 1492 tibi
1103 1453 1225 1492 tanta
1256 1453 1436 1505 tyranne
1469 1448 1635 1492 tulisti?

113 1518 277 1562 Charis.
303 1535 342 1575 p.
369 1521 469 1576 282,
491 1522 513 1563 7
547 1521 652 1563 haec
678 1521 905 1576 praecipit:
939 1521 1254 1563 eParhomoeon
1281 1524 1347 1564 est
1379 1536 1473 1563 cum
1504 1521 1636 1562 uerba

109 1591 253 1633 omnia
291 1591 490 1633 similiter
521 1591 733 1646 incipiunt
765 1594 812 1633 ut
849 1592 883 1633 O
918 1592 1012 1634 Tite
1044 1595 1135 1633 tute
1168 1593 1266 1634 Tati
1299 1593 1378 1633 tibi
1412 1594 1535 1634 tanta
1568 1595 1635 1647 ty-

108 1677 240 1704 ranne
280 1662 462 1705 tulisti’:
507 1663 615 1705 conf.
643 1663 798 1706 Donat.
826 1662 899 1705 GL
931 1662 994 1705 IV
1025 1679 1065 1718 p.
1092 1664 1191 1719 398,
1218 1665 1282 1706 20.
1350 1664 1550 1719 Pergitur
1583 1664 1634 1705 ad

108 1733 208 1776 Her.
234 1735 260 1776 l.
288 1749 338 1776 s.:
371 1734 432 1776 ‘et
464 1735 499 1776 si
532 1749 619 1776 non
652 1737 823 1777 utemur
856 1735 1124 1777 continenter
1157 1734 1357 1776 similiter
1383 1734 1634 1777 cadentibus

109 1805 250 1848 uerbis
283 1805 364 1848 11οο
398 1806 543 1849 111οᾰοε
580 1805 751 1849 Flentes
779 1807 999 1861 plorantes
1027 1806 1301 1848 lacrimantes
1336 1806 1633 1849 obtestantes.²

111 1876 231 1920 Conf.
260 1875 426 1920 Charis.
451 1893 492 1933 p.
519 1878 617 1934 282,
646 1879 717 1920 12;
754 1877 1123 1934 ‘Homoeoptoton
1151 1881 1216 1920 est
1243 1878 1381 1920 oratio
1408 1884 1633 1920 excurrens

109 1948 154 1990 in
188 1949 360 1991 eosdem
387 1964 511 1991 casus
538 1950 711 2005 similes,
743 1953 791 1992 ut
820 1953 1062 1992 maerentes
1095 1950 1245 1991 flentes
1278 1951 1553 1991 lacrimantes
1587 1966 1634 1992 ac

108 2019 388 2063 miserantes?
433 2020 597 2063 Eadem
619 2020 750 2062 habet
772 2021 1002 2062 Diomedes
1030 2036 1066 2075 p.
1088 2021 1187 2075 447,
1211 2021 1277 2074 16,
1303 2019 1435 2061 Ennii
1463 2036 1634 2062 uersum

109 2091 193 2133 alio
215 2091 342 2134 modo
365 2091 538 2133 exhibet
559 2090 756 2133 Donatus
773 2078 921 2133 GL'IV
935 2107 974 2146 p.
990 2092 1087 2145 398,
1103 2092 1176 2133 23:
1205 2090 1462 2132 ‘maerentes
1483 2091 1632 2132 fientes

108 2162 385 2204 lacrimantes
430 2160 804 2204 commiserantes'
843 2177 951 2218 quae
997 2162 1125 2204 lectio
1171 2162 1340 2203 uidetur
1376 2176 1469 2203 esse
1511 2177 1631 2216 prae-

108 2233 295 2275 ferenda.
338 2233 532 2288 Apparet
551 2237 695 2275 tamen
723 2234 766 2275 in
788 2233 935 2276 eodem
957 2248 1082 2276 uersu
1105 2233 1327 2276 annalium
1347 2233 1479 2276 libros
1501 2233 1632 2275 Ennii

107 2304 255 2347 eodem
282 2304 408 2347 modo
434 2307 627 2360 tempore
654 2305 813 2347 liberae
839 2305 1099 2361 reipublicae
1126 2305 1404 2361 discrepasse,
1437 2320 1520 2360 quo
1548 2305 1632 2347 dis-

107 2378 336 2431 creparunt
366 2376 409 2417 in
443 2376 615 2419 exordio
648 2376 835 2420 Medeae.
879 2376 1054 2419 Etenim
1086 2391 1182 2419 cum
1215 2391 1350 2432 neque
1379 2374 1629 2418 Cornificius

106 2447 214 2489 talia
242 2447 497 2490 tractauerit
524 2451 753 2504 praecepta
781 2464 918 2504 neque
947 2449 1047 2490 libri
1077 2449 1129 2491 ad
1158 2447 1260 2491 Her.
1287 2451 1384 2490 ante
1413 2449 1630 2490 saeculum

71 2509 81 2521 ¹
102 2533 141 2573 p.
170 2515 248 2559 Ch.
274 2517 336 2559 IV
370 2518 506 2560 doctis
538 2519 700 2561 fuerint
730 2521 841 2575 noti,
881 2519 1088 2562 Scaurum
1121 2535 1172 2562 ex
1203 2519 1413 2562 Varronis
1447 2520 1626 2562 aliorum

105 2588 320 2631 thesauris
365 2589 442 2631 illa
481 2591 712 2645 sumpsisse
755 2605 927 2633 necesse
966 2594 1031 2632 est
1069 2593 1324 2633 statuamus:
1370 2591 1628 2645 comparatis

107 2662 250 2701 autem
295 2660 401 2702 locis
446 2660 532 2701 illis
576 2660 816 2703 rhetoricae
861 2662 912 2703 ad
951 2661 1050 2704 Her.
1090 2662 1142 2704 ad
1187 2664 1382 2704 auctores
1421 2661 1628 2703 Varronis
1849 2678 1863 2695 ε

108 2731 382 2773 deueniemus
411 2731 483 2786 qui
512 2734 610 2773 ante
636 2731 778 2774 Sullae
799 2735 995 2787 tempora
1015 2733 1149 2775 libros
1177 2747 1277 2774 suos
1298 2733 1627 2787 composuerint.

227 2801 309 2845 Sed
347 2801 435 2844 iam
470 2817 585 2844 noua
617 2803 826 2858 quaedam
859 2804 1054 2846 oboritur
1084 2804 1208 2846 nobis
1242 2804 1436 2859 quaestio
1469 2804 1546 2846 illa
1578 2804 1628 2846 de
1648 2804 1743 2829 ”³5⁶³
1766 2805 1893 2829 flfflt‘ffi·

1667 2847 1718 2865 cae
1742 2841 1875 2866 Latinae.

108 2875 248 2915 aetate
275 2878 317 2917 et
344 2874 508 2929 origine
535 2874 775 2917 rhetoricae
802 2875 980 2917 Latinae
1008 2890 1115 2930 quae
1142 2889 1191 2917 eo
1218 2875 1434 2918 difficilior
1462 2876 1627 2917 uidetur
