2003 3116
542 785 962 839 PROLEGOM
966 785 1138 838 ENA.

199 975 324 1018 Anno
350 991 390 1030 p.
418 973 463 1017 C.
489 974 577 1015 fere
604 974 690 1016 350
715 974 759 1015 in
787 974 935 1016 Africa
962 978 1075 1016 terra
1103 974 1410 1030 grammaticus
1442 973 1889 1034 1168010-Πξζζῡὲξοᾞξοοιξξω

81 1047 176 1103 quis
213 1048 282 1088 uel
319 1046 573 1101 bybliopola
611 1059 661 1086 ex
703 1045 872 1087 scriniis
910 1045 1062 1087 domus
1104 1045 1326 1087 cuiusdam
1364 1045 1888 1105 Η61611111116ἱΠΨἮξζξξῇωο·

78 1119 146 1160 uel
173 1117 487 1160 Herenniorum
514 1116 665 1158 adfinis
691 1117 736 1157 in
762 1117 898 1158 lucem
924 1117 1137 1172 protraxit
1162 1116 1274 1158 hunc
1298 1117 1454 1159 librum
1481 1133 1602 1173 quem

80 1189 342 1231 rhetoricam
376 1189 429 1230 ad
460 1187 726 1230 Herennium
759 1187 941 1230 dicimus
981 1203 1076 1230 cum
1110 1203 1186 1243 per
1218 1188 1280 1229 IV
1313 1190 1483 1230 saecula
1517 1190 1603 1230 illic

79 1260 315 1302 latitauerit
353 1259 490 1302 doctis
529 1259 714 1301 indoctis
753 1259 882 1313 plane
921 1259 1109 1315 ignotus.
1160 1258 1294 1308 Quem
1332 1260 1488 1301 librum
1521 1259 1603 1301 Ro-

81 1346 175 1373 mae
213 1331 310 1372 inde
343 1347 366 1372 a
399 1330 543 1372 Sullae
581 1333 776 1384 tempore
812 1345 946 1385 usque
979 1330 1032 1372 ad
1065 1330 1322 1372 Theodorici
1354 1331 1469 1386 regis
1501 1333 1605 1372 tem·

80 1417 199 1456 pora,
230 1402 361 1444 immo
395 1416 470 1456 per
502 1416 626 1443 omne
664 1401 771 1442 illud
805 1416 956 1443 aeuum
989 1416 1072 1456 quo
1108 1402 1257 1457 lingua
1288 1401 1444 1444 Latina
1474 1403 1603 1444 locuti

82 1476 184 1515 sunt
208 1472 391 1516 Romani
423 1488 509 1515 non
540 1473 782 1514 innotuisse
817 1473 1067 1515 doctoribus
1101 1475 1142 1514 et
1175 1473 1455 1528 scriptoribus
1487 1474 1606 1515 urbis

80 1544 177 1586 inde
215 1544 491 1587 manifestum
531 1547 614 1598 est,
652 1544 763 1599 quod
801 1559 928 1586 nemo
966 1545 1188 1586 rhetorum
1227 1547 1270 1586 et
1309 1545 1606 1600 grammatico-

81 1631 176 1657 rum
209 1616 280 1670 qui
319 1615 467 1657 eadem
504 1618 747 1657 tractarunt
782 1630 889 1670 quae
928 1615 1028 1657 libri
1067 1619 1214 1657 auctor
1247 1616 1352 1657 satis
1385 1616 1606 1658 commode

81 1687 280 1741 exposuit
323 1701 372 1729 eo
416 1701 517 1729 usus
562 1689 648 1738 est,
698 1701 751 1728 ne
795 1687 880 1728 illis
927 1687 1096 1742 quidem
1141 1688 1405 1742 temporibus
1452 1688 1606 1742 quibus

80 1756 137 1799 M.
162 1757 291 1799 Tullii
330 1761 480 1800 auctus
523 1758 696 1800 nomine
740 1758 902 1800 incluto
941 1759 1050 1800 liber
1093 1759 1305 1801 inclaruit.
1369 1759 1420 1800 In
1459 1758 1604 1800 Africa
1626 1746 1888 1807 tssssoseffissssffi's

81 1829 240 1870 librum
267 1844 317 1871 ex
345 1830 638 1884 penetralibus
670 1829 819 1872 domus
853 1830 1074 1872 cuiusdam
1100 1831 1144 1871 in
1171 1830 1309 1872 lucem
1340 1832 1606 1886 protractum

81 1914 174 1942 esse
217 1915 305 1942 non
348 1915 397 1942 eo
437 1915 755 1943 commonemur
792 1904 841 1943 ut
880 1903 1125 1943 statuamus
1167 1901 1279 1956 quod
1323 1903 1444 1943 nulla
1487 1903 1605 1957 regio

81 1974 252 2026 praeter
292 1971 465 2014 Italiam
506 1973 594 2014 illis
636 1973 904 2027 temporibus
945 1973 1085 2029 magis
1130 1973 1330 2015 studebat
1367 1973 1524 2015 litteris
1566 1976 1608 2014 et

81 2043 368 2098 eloquentiae,
408 2043 482 2085 sed
519 2044 616 2085 inde
655 2044 757 2086 licet
793 2044 991 2100 indagari
1025 2045 1137 2100 quod
1177 2045 1255 2085 sub
1296 2045 1424 2086 finem
1457 2045 1556 2086 libri
1588 2044 1607 2084 Ι

82 2113 214 2155 codex
245 2113 601 2169 Herbipolitanus
634 2114 676 2156 H
709 2114 817 2157 hanc
850 2117 1029 2170 praebet
1061 2117 1435 2171 subscriptionem:
1474 2130 1607 2158 roma-

81 2186 206 2226 m'cme
235 2186 357 2226 uiuat
385 2184 397 2205 ‘
426 2187 669 2227 romaniane
699 2187 839 2237 αἰκία,-
874 2186 938 2228 M.
967 2187 1080 2228 Tulli
1111 2186 1262 2229 Ciceris
1288 2202 1320 2228 e.
1343 2203 1381 2242 q.
1402 2202 1433 2228 s.
1490 2187 1607 2236 Quae

83 2255 335 2298 acclamatio
358 2257 579 2298 simillima
603 2257 807 2298 nimirum
834 2259 900 2299 est
924 2257 990 2298 illi
1017 2272 1099 2312 qua
1126 2258 1479 2313 chronographus
1507 2259 1608 2299 anni

83 2326 170 2368 354
207 2327 365 2368 librum
405 2342 528 2369 suum
566 2328 706 2370 uoluit
745 2329 943 2370 exornari
980 2353 1028 2358 -
1070 2328 1178 2370 conf.
1211 2329 1287 2370 Th.
1314 2329 1607 2371 Mommsenus

82 2397 294 2440 Abhandl.
314 2398 351 2440 d.
365 2397 414 2440 K.
430 2397 471 2440 S.
487 2398 583 2441 Ges.
598 2399 636 2441 d.
651 2399 719 2443 W.
739 2399 759 2441 I
788 2400 902 2442 1850
928 2415 968 2455 p.
990 2400 1088 2442 565.
1104 2401 1188 2442 607
1206 2400 1334 2442 MGH
1354 2401 1500 2455 script.
1522 2404 1607 2442 ant.

81 2468 141 2510 IX
167 2484 205 2523 p.
222 2469 276 2510 39
305 2469 344 2511 J.
367 2468 698 2524 Strzygovskius
725 2471 876 2513 Jahrb.
909 2471 948 2513 d.
974 2471 1186 2513 archaeol.
1212 2471 1316 2513 Inst.
1342 2471 1363 2513 I
1392 2471 1538 2526 Suppl.
1560 2471 1607 2512 B.

81 2555 120 2594 p.
142 2541 198 2582 23
224 2540 310 2582 tab.
329 2539 395 2582 III
411 2565 462 2570 —
480 2541 554 2583 sed
580 2544 642 2583 ita
668 2544 717 2583 ut
742 2542 870 2584 homo
892 2543 1080 2584 urbanus
1108 2543 1221 2597 quod
1248 2543 1408 2584 urbane
1436 2544 1608 2597 scripsit

90 2611 301 2653 Valentino>
337 2613 461 2654 uiuas
503 2613 670 2668 florea-s,
714 2613 756 2654 id
794 2614 839 2655 111
877 2628 926 2655 eo
965 2614 1016 2655 de
1055 2628 1139 2668 quo
1179 2615 1321 2669 agitur
1357 2614 1468 2656 libro
1502 2614 1607 2656 satis

81 2682 264 2724 barbare
303 2683 571 2725 enuntiatum
615 2699 708 2725 esse
748 2688 964 2739 appareat.
1026 2683 1175 2739 Neque
1218 2686 1362 2726 tamen
1399 2686 1607 2740 temporis

84 2753 312 2795 diuersitas
344 2754 426 2796 hoc
458 2754 686 2796 discrimen
718 2755 859 2796 effecit
891 2755 964 2797 sed
996 2755 1097 2797 loci:
1136 2756 1246 2797 alter
1278 2757 1392 2797 enim
1425 2757 1609 2811 scriptor

82 2823 280 2879 Italicus,
312 2825 589 2880 prouincialis
623 2827 741 2868 alter.
791 2826 935 2869 Verba
966 2828 1041 2869 illa
1072 2830 1186 2869 recte
1217 2831 1266 2869 ut
1295 2828 1608 2884 intellegamus,

84 2897 214 2937 antea
245 2896 519 2938 statuendum
553 2898 634 2938 erit
665 2900 739 2939 aut
764 2899 948 2940 uocandi
980 2914 1125 2941 casum
1158 2914 1385 2954 perperam
1417 2901 1607 2954 positum

154 2972 202 2997 Ad
221 2972 411 2998 Herennium
430 2972 503 2998 libri
516 2973 567 3006 IV,
588 2973 632 2999 ed.
647 2973 755 2999 MARx.
1305 2973 1322 3002 1
