2003 3116
340 115 420 159 158
705 91 707 93 ’
912 115 1279 148 PROLEGOMENA.

338 226 449 282 apud
482 223 694 265 Walzium
727 220 803 263 RG
836 221 940 263 VIII
971 237 1012 276 p.
1038 222 1121 262 417
1161 224 1275 263 recte
1316 224 1558 263 statuerunt
1596 223 1720 265 sicuti
1752 223 1855 266 fecit

336 295 595 338 clarissimus
628 291 746 334 illius
779 291 987 347 temporis
1022 292 1328 348 grammaticus
1357 293 1596 335 Aristarchi
1623 294 1855 350 discipulus

336 367 408 421 qui
445 365 585 406 Rhodi
623 363 766 405 docuit
804 364 1047 413 Διονύσιος
1085 362 1107 405 ὁ
1141 358 1471 420 Ἀλεξανδρεύς,
1518 363 1637 421 Θρᾷξ
1682 362 1730 406 δὲ
1773 364 1856 421 <ἣ>

337 436 420 478 ἀπὸ
463 441 543 477 τοῦ
585 435 748 490 πατρὸς
791 436 938 491 Τήρου
985 437 1126 490 Τῆρος
1169 434 1366 490 τοῦνομα
1403 437 1584 490 κληθείς
1627 436 1856 478 secundum

337 507 490 549 Suidae
516 506 649 548 uerba
675 521 706 548 s.
727 522 763 548 u.
784 506 1027 555 Διονύσιος
1059 506 1213 560 quibus
1240 506 1416 561 reliquis
1444 507 1624 549 seruatis
1651 507 1677 562 ἢ
1705 506 1858 548 addidi.

335 578 425 620 Nec
452 593 537 620 non
564 577 759 632 pluribus
786 581 829 619 et
854 577 1110 620 certioribus
1141 578 1407 632 argumentis
1440 578 1493 619 ad
1524 578 1711 621 insulam
1738 578 1858 620 illam

337 649 596 692 deducimur.
639 646 776 691 Vetus
810 650 923 690 enim
956 649 1061 690 illud
1094 648 1344 690 remotionis
1379 650 1617 705 exemplum
1651 650 1763 705 quod
1789 664 1859 691 ex-

335 721 486 763 hibent
510 721 578 762 his
605 720 749 762 uerbis
778 720 983 775 Hermog.
1003 718 1079 760 RG
1099 719 1164 760 ΠΙ
1183 734 1223 774 Ρ.
1248 720 1312 774 13,
1330 721 1381 762 11
1399 720 1456 761 W
1481 719 1525 761 II
1544 736 1583 775 p.
1605 721 1701 775 140,
1723 721 1747 762 8
1769 718 1858 774 Spss

337 792 636 847 μεταστάσεως
677 789 759 847 μὲν
801 792 1078 846 παράδειγμα
1117 790 1139 833 ὁ
1178 792 1467 847 πρεσβευτής,
1515 790 1567 833 ὃν
1604 795 1706 833 εἴσω
1743 791 1858 847 τριά-

338 880 472 906 κοντα
504 863 679 920 ἡμερῶν
713 862 816 905 δέον
856 861 1016 914 ἐξιέναι
1049 863 1241 916 λαβόντα
1271 863 1388 919 παρὰ
1420 868 1499 904 τοῦ
1530 864 1689 918 ταμίου
1720 863 1861 919 χιλίας

337 932 532 991 δραχμὰς
570 936 631 985 εἰς
670 933 869 990 ἐφόδιον,
907 935 964 989 μὴ
1004 934 1153 988 λαβὼν
1184 932 1256 976 καὶ
1294 934 1366 976 διὰ
1398 939 1527 976 τοῦτο
1560 935 1618 989 μὴ
1651 933 1859 988 ἐξελθών,

337 1004 429 1049 εἶτα
467 1008 727 1063 κρινόμενος
766 1008 808 1047 et
847 1005 962 1048 Chir.
989 1005 1168 1047 Fortun.
1197 1005 1317 1046 RLM
1355 1022 1395 1061 p.
1422 1006 1497 1061 93,
1527 1006 1598 1047 12:
1652 1005 1860 1061 cLegatus

336 1078 452 1121 intra
484 1077 607 1120 XXX
639 1078 753 1120 diem
785 1077 970 1132 nauiget.
1034 1076 1221 1131 Legatus
1254 1091 1341 1118 non
1374 1079 1547 1132 accepto
1581 1092 1606 1118 a
1637 1079 1861 1132 quaestore

339 1165 415 1192 suo
449 1149 610 1192 uiatico
641 1164 730 1191 non
761 1148 988 1204 nauigauit
1018 1147 1133 1189 intra
1158 1147 1281 1189 XXX
1313 1147 1424 1189 diem
1457 1150 1500 1189 et
1531 1163 1628 1189 reus
1661 1150 1726 1189 est
1750 1148 1860 1189 male

339 1223 485 1277 gestae
524 1219 779 1277 legationis'
811 1219 918 1261 illud
958 1219 1052 1263 dico
1090 1218 1330 1274 exemplum
1363 1217 1512 1261 Cicero
1545 1218 1589 1259 Π
1614 1219 1683 1274 29,
1710 1220 1764 1262 87
1799 1219 1862 1260 ita

340 1292 550 1334 uariauit:
583 1291 756 1334 tRhodii
790 1290 999 1346 quosdam
1031 1289 1232 1345 legarunt
1262 1289 1470 1332 Athenas.
1526 1289 1702 1345 Legatis
1736 1305 1862 1345 quae-

339 1367 475 1406 stores
510 1366 740 1419 sumptum,
773 1377 898 1418 quem
932 1361 1161 1416 oportebat
1193 1361 1296 1417 dari,
1327 1376 1414 1404 non
1440 1361 1659 1404 dederunt.
1710 1361 1863 1418 Legati

336 1435 517 1490 profecti
558 1450 646 1477 non
689 1437 800 1477 sunt.
856 1432 1154 1475 Accusantur?
1218 1432 1358 1482 Quare
1397 1433 1664 1475 Rhodiorum
1705 1448 1864 1475 nomen

339 1506 530 1548 additum
557 1506 651 1548 est‘?
702 1506 856 1556 Quare,
887 1505 1075 1560 inquam,
1101 1506 1145 1546 et
1168 1504 1214 1545 in
1240 1504 1321 1546 hoc
1348 1505 1635 1547 concessionis
1669 1505 1862 1560 exemplo

339 1592 482 1620 rerum
515 1577 833 1620 Rhodiacarum
865 1577 976 1618 ratio
1009 1576 1195 1618 habetur
1225 1574 1268 1616 II
1300 1577 1368 1631 32,
1395 1576 1469 1619 98:
1511 1575 1621 1618 ‘Lex
1653 1579 1719 1619 est
1751 1576 1864 1632 apud

337 1649 547 1704 Rhodios,
586 1652 635 1691 ut
674 1650 709 1692 si
749 1664 832 1704 qua
870 1650 1058 1690 rostrata
1097 1648 1141 1689 in
1178 1649 1305 1703 portu
1342 1648 1466 1689 nauis
1499 1648 1761 1703 deprehensa
1793 1648 1861 1703 sit7

339 1721 597 1776 publicetur.
660 1720 765 1763 Cum
799 1735 957 1776 magna
988 1719 1032 1761 in
1066 1719 1156 1762 alto
1188 1721 1425 1774 tempestas
1458 1722 1589 1775 esset,
1620 1720 1684 1761 uis
1716 1721 1866 1761 uento—

337 1807 434 1834 rum
484 1792 634 1834 inuitis
685 1791 829 1833 nautis
879 1791 925 1832 in
968 1790 1234 1832 Rhodiorum
1286 1794 1458 1847 portum
1506 1805 1661 1833 nauem
1710 1791 1863 1847 coegit.

337 1862 552 1912 Quaestor
583 1878 736 1905 nauem
769 1863 916 1918 populi
947 1864 1091 1904 uocat:
1125 1863 1247 1904 nauis
1280 1863 1475 1905 dominus
1507 1865 1639 1918 negat
1665 1865 1862 1918 oportere

337 1935 596 1990 publiea1·i?’
648 1934 822 1989 Rhodii,
849 1933 952 1976 socii
979 1934 1043 1975 illi
1068 1936 1235 1975 ueteres
1261 1935 1410 1990 populi
1436 1934 1632 1989 Romani,
1665 1935 1706 1975 in
1733 1934 1861 1975 rebus

338 2007 572 2048 maritimis
613 2008 654 2048 et
692 2006 918 2047 naualibus
958 2005 1222 2047 celeberrimi
1262 2007 1397 2048 erant.
1457 2005 1570 2061 Lege
1602 2005 1772 2047 Rhodia
1812 2005 1862 2046 de

340 2093 385 2119 re
417 2078 589 2120 nautica
620 2092 686 2120 res
720 2077 908 2118 iudicata
940 2079 1005 2118 est
1036 2077 1090 2118 ab
1123 2076 1454 2131 imperatoribus
1482 2077 1683 2132 Augusto
1710 2078 1751 2117 et
1777 2075 1864 2117 An-

338 2150 485 2191 tonino
529 2147 632 2205 (dig.
658 2148 763 2190 XIV
790 2150 835 2204 2,
862 2147 908 2204 9)
948 2162 1032 2203 qua
1070 2147 1120 2188 de
1158 2161 1203 2188 re
1240 2147 1390 2189 Isidor.
1417 2147 1524 2203 orig.
1549 2146 1591 2188 V
1619 2148 1671 2189 17
1711 2146 1860 2189 tradit:

339 2220 550 2262 ‘Rhodiae
577 2220 698 2277 leges
719 2221 818 2261 sunt
838 2219 1055 2261 naualium
1081 2218 1446 2273 commerciorum,
1473 2218 1526 2260 ab
1547 2218 1689 2261 insula
1708 2218 1862 2260 Rhodo

340 2292 681 2347 cognominatae,
707 2291 750 2331 in
778 2305 861 2345 qua
888 2290 1124 2345 antiquitus
1149 2291 1435 2331 mercatorum
1460 2304 1562 2331 usus
1589 2288 1698 2331 fuit?
1737 2289 1861 2331 Prae-

338 2367 456 2404 terea
496 2363 541 2404 in
578 2366 759 2418 utroque
802 2375 929 2416 opere
967 2359 1182 2415 permulta
1219 2363 1390 2402 exstant
1429 2360 1478 2401 de
1516 2360 1607 2402 uita
1645 2360 1862 2401 maritima

341 2437 383 2475 et
410 2434 460 2476 de
486 2449 532 2476 re
550 2433 699 2476 nauali
718 2433 854 2488 petita
873 2431 1010 2473 ueluti
1031 2431 1250 2486 egregium
1275 2431 1381 2473 illud
1404 2431 1600 2473 nauticae
1621 2431 1861 2473 honestatis

341 2506 581 2561 exemplum
614 2505 667 2546 ad
699 2503 799 2545 Her.
825 2502 889 2545 IV
914 2503 984 2554 44,
1006 2502 1073 2545 57.
1124 2502 1286 2544 Tamen
1314 2502 1366 2544 ad
1403 2502 1616 2544 Rhodium
1650 2502 1860 2558 quendam

339 2577 556 2618 rhetorem
595 2575 793 2630 inprimis
831 2574 912 2615 hoc
951 2588 1031 2615 nos
1070 2572 1241 2628 delegat
1281 2576 1556 2628 praeceptum
1594 2573 1646 2615 ad
1684 2573 1860 2614 uerbum

341 2662 390 2688 ex
424 2647 656 2689 Aristotele
695 2646 802 2688 rhet.
834 2644 879 2686 Π
912 2660 1001 2699 cap.
1027 2645 1083 2686 23
1115 2660 1154 2699 p.
1184 2644 1332 2686 1397a
1358 2644 1414 2686 25
1452 2645 1709 2686 translatum
1748 2644 1861 2698 apud

342 2718 427 2761 Cic.
452 2717 473 2759 Ι
499 2719 568 2773 30,
592 2719 648 2759 47
683 2716 786 2759 ‘hoe
819 2716 946 2758 modo
975 2750 984 2758 .
1011 2750 1019 2758 .
1045 2749 1053 2757 .
1081 2715 1195 2758 Nam
1228 2716 1265 2758 si
1296 2716 1478 2758 Rhodiis
1516 2718 1639 2769 turpe
1679 2729 1765 2757 non
1797 2717 1862 2756 est

340 2789 577 2842 portorium
623 2789 765 2830 locare
809 2803 861 2829 ne
905 2788 1234 2830 Hermocreonti
1279 2788 1448 2842 quidem
1488 2789 1613 2841 turpe
1656 2788 1721 2827 est
1765 2801 1859 2828 con—

342 2859 520 2915 ducere’,
558 2874 655 2901 cum
688 2859 945 2901 Aristoteles
986 2859 1164 2900 scribat:
1203 2853 1300 2900 οἷον
1338 2858 1396 2908 ὡς
1427 2856 1450 2899 ὁ
1482 2856 1672 2912 τελώνης
1704 2857 1862 2913 Διομέ-
