2003 3116
363 124 381 163 1
395 123 445 162 14
936 119 1302 152 PROLEGOMENA.

360 230 595 272 scentnlum
630 227 691 268 ita
723 227 844 267 docte
877 228 1014 267 artem
1042 224 1335 280 Hermagorae
1363 223 1681 279 reprehendere3
1718 224 1876 265 etenim

359 301 488 342 uerba
521 299 595 340 illa
626 312 713 339 non
740 296 956 339 Ciceronis
989 296 1062 337 sed
1094 295 1302 337 tradentis
1336 297 1436 336 sunt
1469 294 1537 335 uel
1565 293 1716 337 Graeci
1749 295 1876 349 scrip—

358 370 463 412 toris
496 369 624 423 illius,
657 382 781 423 quem
816 367 1033 410 Ciceronis
1069 366 1277 421 magister
1310 367 1498 407 uerterat
1528 364 1692 407 Latine.

476 439 557 481 Sed
595 439 693 480 uide
740 453 822 493 quo
867 438 1080 493 promissa
1124 437 1200 478 illa
1239 436 1393 478 cadant
1431 450 1536 490 quae
1573 436 1618 477 in
1660 436 1876 490 prooemio

358 513 455 554 libri
487 511 549 553 IV
588 525 663 565 per
700 513 766 551 tot
801 510 982 564 paginas
1023 509 1109 550 acri
1148 523 1243 550 cum
1283 508 1424 549 studio
1458 507 1655 561 exposuit
1687 507 1879 562 scriptor.

358 583 392 624 O
420 598 509 624 rem
535 581 770 635 ridiculam,
803 580 923 635 Cato,
957 584 999 621 et
1030 579 1218 622 iocosam
1246 579 1507 633 dignamque
1535 578 1708 619 auribus
1735 580 1777 618 et
1805 580 1879 618 tuo

359 654 583 696 cachinno!
646 653 811 695 Rhetor
847 653 920 693 ille
960 652 1032 706 qui
1070 654 1159 693 tam
1199 651 1355 692 acriter
1395 652 1437 691 et
1475 649 1644 703 copiose
1684 650 1882 704 exposuit

359 726 446 768 suis
475 740 518 767 se
547 724 751 779 exemplis
778 726 822 766 et
847 724 956 766 uelle
983 724 1046 764 uti
1079 724 1120 764 et
1152 722 1305 763 debere
1338 721 1414 776 uti,
1447 720 1547 777 quia
1573 721 1710 775 ipsum
1737 720 1880 762 rheto-

358 812 447 839 rem
486 799 686 852 oporteat
726 799 768 837 et
805 810 954 850 parere
995 797 1037 836 et
1075 794 1252 850 gignere
1298 792 1509 846 exempla,
1551 791 1670 846 quid,
1713 806 1883 846 quaeso,

358 871 509 923 postea
548 867 677 910 secit‘?
739 866 797 908 Et
838 867 1000 921 optima
1040 868 1082 906 et
1120 865 1306 919 plurima
1346 879 1397 904 ex
1429 863 1603 904 Graecis
1637 862 1882 904 auctoribus

359 940 556 995 sumpsit⁴
620 937 729 988 Quid
767 953 846 979 nos
880 938 929 979 de
969 953 1017 979 eo
1050 936 1223 978 homine
1263 934 1546 976 iudicabimus
1580 934 1648 988 qui
1684 948 1777 976 cum
1808 947 1883 988 per

361 1025 562 1066 magnam
601 1012 767 1065 partem
806 1008 946 1063 operis
982 1008 1124 1062 ampla
1163 1009 1205 1049 et
1237 1021 1370 1061 prope
1403 1005 1580 1046 dixerim
1616 1005 1728 1046 irata
1761 1018 1885 1059 argu-

361 1083 624 1124 mentatione
665 1095 756 1122 sese
796 1080 883 1122 suis
923 1078 1126 1133 exemplis
1166 1078 1229 1119 uti
1268 1077 1418 1118 debere
1456 1076 1804 1130 pronuntiauerit
1843 1079 1885 1116 et

361 1153 627 1207 clama-uerit,
665 1153 816 1206 postea
852 1150 1079 1193 notissima
1116 1149 1192 1190 1116
1224 1148 1388 1189 Graeca
1427 1162 1502 1202 pro
1543 1147 1629 1188 suis
1669 1162 1796 1189 ausus
1830 1147 1886 1187 sit

362 1224 582 1266 uenditare
623 1223 757 1265 ueluti
788 1221 849 1264 lV
876 1222 944 1275 33,
968 1221 1044 1262 44:
1091 1220 1238 1262 ‘Cuius
1277 1234 1350 1261 ore
1384 1233 1521 1261 sermo
1564 1219 1690 1260 melle
1724 1218 1886 1260 dulcior

362 1293 618 1350 profluebat'
653 1296 694 1334 et
726 1294 795 1348 28,
821 1293 895 1334 39:
935 1291 1058 1333 ‘Esse
1093 1292 1261 1346 oportet
1293 1293 1341 1331 ut
1374 1290 1514 1345 uiuas,
1547 1304 1633 1331 11011
1664 1289 1809 1331 uiuere
1840 1291 1888 1330 ut

362 1365 543 1408 edas'...
577 1365 750 1407 ‘Poema
775 1365 954 1419 loquens
981 1363 1158 1418 pictura,
1184 1362 1352 1416 pictura
1376 1361 1555 1403 tacitum
1582 1375 1735 1415 poema
1761 1361 1887 1402 debet

363 1436 502 1479 esse’?
566 1436 647 1486 Qui
679 1435 920 1478 Aristarchi
959 1434 1064 1476 illud
1104 1434 1263 1475 dictum
1297 1431 1358 1474 IV
1385 1433 1454 1488 28,
1480 1432 1555 1487 39,
1594 1431 1742 1474 Bionis
1780 1431 1887 1473 illud

362 1508 425 1550 IV
452 1508 527 1563 54,
554 1508 608 1549 67
651 1507 700 1549 de
739 1521 821 1561 quo
855 1507 939 1548 iam
982 1505 1148 1547 monuit
1179 1504 1331 1546 Petrus
1365 1503 1583 1545 Victorius
1616 1503 1769 1545 uariar.
1794 1503 1886 1545 lect.

361 1596 398 1634 p.
432 1580 525 1621 160.
556 1580 639 1621 271
677 1579 862 1620 aliorum
896 1577 982 1619 alia
1015 1577 1065 1619 ad
1098 1577 1278 1618 uerbum
1311 1590 1360 1617 ex
1394 1575 1558 1617 Graeco
1591 1573 1887 1616 transtulerit?

363 1651 434 1705 qui
473 1650 799 1692 translationem
839 1650 1022 1704 explicet
1060 1648 1140 1691 hoc
1188 1647 1382 1701 exemplo
1424 1645 1486 1687 IV
1513 1646 1587 1700 34,
1614 1646 1688 1687 45:
1740 1644 1886 1687 ‘Cuius

364 1724 501 1764 mater
533 1722 778 1764 cottidianis
805 1721 967 1775 nuptiis
995 1719 1255 1774 delectetur’,
1288 1718 1487 1760 uidelicet
1520 1733 1570 1759 ex
1599 1716 1888 1759 Demosthene

363 1794 589 1848 desumpto
624 1793 695 1848 qui
728 1792 898 1847 scripsit
930 1792 974 1833 in
1006 1791 1199 1833 oratione
1232 1790 1281 1831 de
1316 1804 1398 1832 cor.
1428 1789 1530 1830 129:
1565 1787 1591 1842 ἡ
1624 1789 1764 1844 μήτηρ
1795 1793 1887 1836 τοῖς

363 1869 678 1920 μεθημερινοῖς
716 1863 871 1918 γάμοις
891 1895 899 1903 .
921 1860 1180 1918 ..χρωμένη
1220 1864 1308 1903 κτλ.
1342 1861 1482 1916 ipsum
1514 1859 1620 1900 illud
1652 1862 1888 1913 μεθημερι-

364 1943 458 1985 νοῖς
491 1936 602 1990 apud
635 1935 972 1977 Demosthenem
1004 1947 1227 1988 perperam
1261 1929 1597 1986 interpretatus?
1659 1929 1754 1985 Ego
1788 1929 1889 1983 quia

365 2007 409 2048 in
442 2006 718 2049 adnotatione
758 2006 958 2048 editionis
999 2007 1193 2047 auctores
1226 2003 1411 2045 Graecos
1447 2002 1571 2056 posui
1604 2001 1672 2042 hic
1705 2000 1804 2041 nolo
1838 2014 1887 2040 ea

366 2078 512 2120 omnia
539 2081 741 2132 repetere.
794 2076 875 2126 Qui
897 2075 1218 2118 adnotationem
1239 2089 1410 2116 omnem
1431 2073 1673 2128 perlegerit,
1698 2071 1734 2113 is
1760 2072 1887 2126 longe

366 2150 552 2205 plurima
591 2149 786 2203 exempla
825 2162 875 2189 ex
908 2147 1212 2189 Demosthenis
1251 2146 1448 2188 oratione
1482 2144 1531 2185 de
1564 2157 1721 2185 corona
1752 2143 1889 2198 petita

367 2236 458 2263 esse
503 2221 1079 2276 inueniet,·nonnumquanl
1125 2218 1253 2260 sicuti
1297 2217 1373 2271 30,
1404 2216 1457 2257 41
1506 2230 1555 2256 ex
1600 2213 1888 2268 compluribus

367 2293 471 2334 10616
504 2292 549 2332 111
579 2306 709 2333 unum
736 2289 940 2332 conflata:
975 2290 1047 2344 qui
1080 2290 1196 2331 locus
1230 2290 1272 2329 et
1303 2287 1397 2329 ideo
1432 2284 1743 2338 memorandus,
1776 2283 1888 2338 quod

366 2363 563 2404 Lambini
585 2361 825 2404 emendatio
848 2361 976 2403 sicuti
1003 2361 1070 2415 28,
1091 2361 1146 2402 38
1174 2359 1335 2401 Halmii
1357 2358 1564 2413 quaedam
1585 2355 1888 2398 Demosthenis

368 2433 510 2475 uerbis
538 2433 858 2475 confirmantur.
909 2432 1026 2480 Quae
1053 2431 1246 2485 exempla
1272 2430 1417 2472 omnia
1445 2444 1494 2470 ex
1522 2428 1685 2469 Graeco
1717 2426 1888 2468 rhetore

369 2519 493 2558 quem
532 2504 831 2560 ludimagister
870 2505 1038 2545 secutus
1078 2504 1170 2544 erat
1210 2504 1379 2556 sumpta
1421 2502 1529 2541 sunt.
1593 2497 1764 2539 Etenim
1795 2511 1888 2552 per-

370 2576 504 2616 multa
543 2590 690 2617 eorum
729 2590 753 2616 a
800 2574 1080 2629 scriptoribus
1120 2572 1294 2614 Graecis
1336 2571 1608 2626 proferuntur
1648 2568 1700 2610 ad
1741 2567 1887 2608 eadem

370 2649 597 2701 praecepta
629 2646 862 2701 probanda,
895 2659 1002 2700 quae
1035 2644 1078 2685 in
1111 2644 1325 2685 rhetorica
1357 2643 1409 2684 ad
1438 2641 1538 2683 Her.
1566 2639 1769 2692 exemplis
1803 2638 1887 2679 illis

371 2717 688 2758 confirmantur.
759 2714 883 2757 Unde
928 2717 1106 2769 apparet
1146 2713 1411 2769 prooemium
1457 2712 1556 2753 libri
1601 2709 1663 2752 IV
1707 2709 1759 2750 ab
1805 2709 1889 2750 alio

376 2789 547 2828 auctore
576 2786 739 2828 Graeco
768 2786 991 2828 deductum
1018 2800 1119 2839 esse,
1153 2787 1280 2840 atque
1307 2784 1379 2825 ille
1406 2783 1487 2824 fuit
1513 2782 1630 2824 cuius
1662 2782 1890 2834 praecepta

372 2858 505 2899 fuere:
539 2857 646 2899 conf.
675 2845 802 2911 supra
829 2873 867 2912 p.
896 2857 962 2898 78.
987 2857 1054 2898 84.
1106 2856 1221 2904 Quae
1248 2857 1474 2917 praecepta
1507 2867 1601 2894 cum
1636 2851 1785 2893 doctor
1817 2850 1889 2892 ille
