2003 3116
308 129 333 169 6
882 119 1250 154 PROLEGOMENA.

306 236 545 277 commouet
583 235 624 273 et
663 229 869 271 sollicitat
906 227 1127 280 utriusque
1166 225 1305 280 operis
1345 224 1578 266 similitudo
1612 226 1654 265 et
1687 223 1823 266 affini-

305 308 384 346 tas.
435 304 594 344 Tamen
632 315 684 341 116
725 300 804 340 1106
839 296 1008 352 quidem
1048 296 1334 338 demonstrari
1371 297 1515 350 potest
1552 294 1712 336 librum
1750 309 1826 348 per

306 375 464 416 malain
497 370 691 414 fraudem
719 369 771 410 ab
801 368 965 409 editore
998 367 1304 422 interpolatum
1336 366 1466 408 fuisse
1494 380 1576 421 quo
1610 365 1826 419 acceptius

307 448 348 485 et
386 441 649 497 probabilius
687 453 842 480 nomen
881 437 1098 480 Ciceronis
1143 438 1359 480 uideretur
1401 436 1650 479 ementibus,
1711 434 1825 477 Nam

309 515 325 555 Ι
355 515 421 567 12,
442 513 497 553 20
525 511 597 552 ubi
630 509 815 551 traditur
850 509 1012 551 Tullius
1045 509 1155 552 heres
1186 522 1298 552 meus
1327 508 1537 550 Terentiae
1567 506 1690 549 mcor&
1721 519 1830 547 meae

306 583 443 626 XXX
474 581 613 636 pondo
655 594 852 623 ἰιαεονιιφη
896 583 1177 635 ανῃθπΐεονπηι
1220 580 1314 622 dato
1358 593 1460 633 quae
1501 579 1607 620 uolet
1652 577 1826 619 nomina

307 654 450 697 uxoris
485 656 528 694 et
557 652 726 695 heredis
759 652 871 695 falsa
904 655 946 694 et
977 652 1077 694 ficta
1110 665 1201 693 esse
1233 650 1332 693 inde
1364 666 1389 692 a
1420 649 1549 692 Petro
1578 650 1827 691 Burmanno

308 739 456 768 omnes
499 724 811 767 iudicauerunt:
858 723 929 765 sed
974 737 1023 764 ea
1069 722 1167 764 dolo
1207 722 1322 763 malo
1368 721 1420 762 ab
1468 720 1629 762 editore
1670 719 1833 762 inserta

307 812 396 839 non
426 796 565 852 magis
596 795 822 851 probabile
855 797 920 836 est
952 808 1079 848 quam
1113 807 1163 835 ex
1197 791 1370 834 scholiis
1404 791 1525 833 docte
1553 791 1752 846 ascriptis
1779 806 1829 833 ea

309 867 584 910 librariorum
610 867 775 908 incuria
802 866 845 906 in
873 879 1020 906 uersus
1050 863 1272 918 scriptoris
1300 877 1344 904 se
1371 862 1623 904 insinuasse.
1661 862 1833 904 Praete-

310 954 382 981 rea
414 953 464 980 ex
494 937 707 980 Ciceronis
741 936 861 978 libris
895 936 945 977 de
978 936 1061 977 inu.
1089 935 1248 976 librum
1279 934 1587 989 interpolatum
1620 947 1711 974 esse
1743 947 1828 974 non

311 1009 453 1065 potuit
479 1009 613 1051 statui
638 1009 721 1050 nisi
750 1008 769 1049 Ι
796 1009 859 1062 12,
879 1008 935 1050 22
963 1008 1034 1049 ubi
1062 1007 1098 1048 si
1126 1006 1304 1061 denique
1331 1005 1606 1060 interpolatio
1632 1004 1749 1046 facta
1769 1006 1835 1046 est

313 1096 363 1122 ex
395 1081 445 1122 de
476 1081 561 1122 inu.
588 1079 630 1121 II
660 1080 726 1134 19,
747 1080 800 1121 57
844 1094 936 1121 eam
977 1078 1146 1120 saeculo
1186 1077 1274 1119 fere
1306 1076 1368 1118 IX
1400 1076 1558 1118 factam
1599 1091 1691 1117 esse
1724 1074 1838 1117 eodi-

313 1166 408 1193 cum
447 1153 565 1192 aetas
604 1150 763 1193 euincit
808 1164 943 1204 neque
975 1148 1105 1191 Ennii
1138 1148 1312 1190 Medeae
1351 1147 1570 1190 exordium
1602 1147 1644 1188 II
1677 1147 1754 1201 22,
1781 1147 1837 1188 34

315 1225 411 1263 ante
437 1221 645 1263 Prisciani
672 1236 825 1263 aeuum
852 1220 983 1262 uariis
1015 1220 1270 1262 lectionibus
1298 1219 1523 1273 adscriptis
1550 1218 1720 1260 uidetur
1747 1232 1838 1259 esse

314 1294 636 1335 commutatum.

29 1366 301 1433 dffc‘ffiarfulfflffm
433 1363 705 1418 Augustinus
732 1363 881 1404 rhetor
911 1361 1033 1403 libris
1062 1360 1114 1402 ad
1141 1359 1241 1402 Her.
1267 1373 1353 1401 non
1381 1358 1548 1400 uidetur
1574 1359 1618 1400 in
1645 1358 1840 1401 doctrina

78 1439 256 1465 immfflissssss-
315 1435 528 1477 rhetorica
568 1449 660 1476 esse
699 1448 820 1488 usus,
863 1433 970 1475 bene
1009 1431 1130 1474 nouit
1167 1430 1303 1472 libros
1342 1430 1391 1471 de
1429 1430 1514 1471 inu.
1553 1429 1680 1485 (conf.
1712 1428 1840 1471 Hael-

312 1506 501 1562 lingkius
534 1508 757 1548 comment.
791 1505 835 1545 in
867 1504 966 1546 hon.
994 1502 1041 1545 G.
1065 1501 1346 1544 Studemundi
1378 1517 1417 1556 p.
1439 1498 1544 1557 347)
1580 1501 1630 1542 de
1657 1516 1714 1543 or.
1747 1515 1838 1543 ora-

314 1582 450 1620 torem
477 1577 529 1619 ad
550 1577 749 1619 Brutum:
777 1575 887 1617 conf.
908 1572 1032 1616 RLM
1056 1589 1095 1629 p.
1129 1573 1209 1615 137
1232 1572 1275 1614 Η
1297 1572 1524 1628 Augustin.
1547 1572 1670 1626 epist.
1692 1571 1734 1612 II
1759 1573 1840 1614 118

314 1649 397 1690 1101.
428 1648 470 1690 II
510 1645 737 1703 (=133)
771 1662 811 1701 p.
837 1646 922 1687 448
966 1644 1100 1700 Mign.
1162 1643 1311 1699 Neque
1356 1643 1460 1685 illud
1505 1643 1660 1685 mirum
1703 1657 1841 1698 neque

315 1719 414 1760 inde
445 1719 624 1774 colligas
657 1717 915 1760 rhetoricam
950 1716 1002 1758 ad
1034 1714 1137 1757 Her.
1170 1715 1232 1756 illi
1265 1715 1459 1770 ignotam
1491 1714 1623 1756 fuisse
1656 1714 1840 1769 quando-

316 1790 486 1845 quidem
518 1790 562 1832 in
599 1789 813 1832 rhetorica
852 1788 942 1830 eius
981 1801 1033 1829 ne
1071 1787 1206 1828 libros
1240 1785 1410 1841 quidem
1442 1785 1492 1827 de
1527 1785 1612 1827 inu.
1646 1785 1843 1827 adhiberi

316 1861 591 1904 manifestum
617 1864 694 1903 est.
743 1860 907 1902 Tamen
940 1859 1023 1902 hoc
1056 1872 1324 1913 summopere
1356 1857 1599 1899 mirandum
1632 1871 1723 1898 esse
1750 1857 1840 1912 qui-

316 1933 422 1974 libet
459 1931 663 1973 concedet
700 1931 886 1972 Marium
918 1928 1188 1971 Victorinum
1229 1928 1404 1970 natione
1445 1927 1597 1969 Afrum
1643 1927 1715 1982 qui
1760 1928 1838 1969 sub

317 2002 572 2046 Constantio
623 2002 815 2057 principe
860 2000 1024 2042 Romae
1077 1999 1337 2040 rhetoricam
1388 1998 1533 2040 docuit
1576 1997 1841 2052 Hieronymo

316 2089 448 2129 puero
487 2073 678 2126 (Hieron.
717 2073 767 2114 de
805 2072 882 2114 uir.
923 2071 1078 2112 illustr.
1118 2085 1208 2124 cap.
1238 2070 1317 2111 101
1360 2069 1491 2125 praef.
1531 2083 1679 2111 comm.
1720 2069 1791 2111 lib.
1823 2069 1843 2110 I

316 2161 382 2200 ep.
414 2145 466 2187 ad
499 2144 590 2186 Gal.
625 2143 708 2186 1101.
736 2142 821 2185 VII
854 2142 938 2184 369
982 2141 1078 2183 edit.
1112 2139 1224 2182 Vall.
1259 2139 1491 2195 Augustin.
1527 2140 1705 2182 confess.
1737 2139 1843 2181 VIII

316 2214 466 2271 :2—5),
503 2217 654 2269 postea
687 2214 765 2256 sub
798 2213 968 2255 Iuliano
999 2211 1291 2255 Christianam
1323 2210 1450 2253 fidem
1484 2212 1704 2266 amplexus
1739 2226 1841 2253 uen-

317 2291 458 2329 tosam
492 2286 678 2328 deseruit
711 2285 963 2339 doctrinam,
1007 2298 1103 2325 eum
1142 2283 1234 2324 dico
1275 2283 1319 2324 in
1357 2283 1675 2324 commentariis
1714 2283 1843 2324 libro-

319 2373 412 2399 rum
446 2357 495 2398 de
527 2356 613 2398 inu.
648 2371 860 2411 nusquam
900 2368 1136 2397 memorare
1170 2354 1428 2395 rhetoricam
1461 2354 1583 2408 quasi
1615 2353 1844 2408 gemellam

320 2430 372 2471 ad
409 2429 510 2470 Her.
544 2443 639 2469 cum
678 2427 870 2469 nominet
908 2426 1042 2469 libros
1083 2425 1133 2467 de
1165 2439 1223 2467 or.
1256 2424 1377 2466 RLM
1416 2439 1454 2478 p.
1485 2424 1579 2477 156,
1600 2424 1654 2465 27
1675 2423 1735 2465 H:
1768 2425 1843 2466 sci-

318 2501 420 2543 licet
459 2515 509 2541 ex
546 2500 626 2541 1106
664 2499 758 2553 ipso
798 2498 967 2539 silentio
1017 2496 1305 2538 certissimum
1343 2496 1425 2537 hoc
1464 2495 1644 2537 efficitur
1682 2494 1843 2536 Romae

321 2572 488 2613 saeculo
526 2569 588 2612 IV
629 2569 767 2612 medio
812 2569 946 2611 libros
993 2568 1044 2610 ad
1084 2567 1183 2610 Her.
1221 2569 1347 2608 notos
1392 2581 1478 2608 non
1524 2567 1675 2621 fuisse,
1718 2565 1842 2607 initio

321 2643 479 2685 saeculi
524 2656 576 2683 116
620 2642 665 2681 111
709 2641 847 2695 patria
899 2640 1068 2695 quidem
1113 2638 1326 2681 Victorini
1375 2638 1577 2693 cognitos
1621 2652 1646 2678 a
1691 2636 1843 2678 doctis:

322 2728 450 2768 quam
482 2727 571 2754 rem
605 2711 829 2753 confirmat
861 2710 993 2752 Nonii
1025 2710 1218 2752 Marcelli
1258 2712 1300 2750 et
1336 2709 1596 2763 reliquorum
1634 2721 1843 2764 gramma-

322 2785 505 2824 ticorum
545 2781 616 2837 qui
661 2781 728 2822 his
773 2781 892 2822 libris
939 2783 1037 2837 apte
1083 2781 1142 2821 uti
1186 2783 1389 2834 poterant
1435 2781 1569 2821 altum
1614 2777 1844 2819 silentium.

325 2854 437 2895 Nam
469 2852 716 2895 Victorinus
763 2852 798 2893 si
842 2851 1076 2906 perfectam
1121 2854 1162 2892 et
1207 2851 1451 2892 absolutam
1494 2849 1752 2891 rhetoricam
1791 2849 1843 2890 ad
