2003 3116
27 1165 71 1189 De
90 1164 132 1189 IV
152 1163 240 1189 libris
260 1164 292 1189 in

46 1201 89 1225 Vt
118 1201 276 1225 uolumina

99 1236 217 1260 diuisis.

318 141 346 179 4
896 140 1082 173 PROLEG
1089 141 1265 172 OMENA.

318 247 526 300 uideatur,
559 250 701 287 tamen
735 247 787 286 ab
815 246 1058 299 Augustino
1091 246 1202 286 inter
1233 246 1491 299 praediuites
1522 249 1716 288 censetur
1742 262 1839 289 con-

319 316 413 357 fess.
447 318 471 357 l.
505 332 534 357 s.
569 332 599 356 s.
659 316 783 357 Hunc
828 316 1144 357 Romanianum
1190 330 1238 357 eo
1284 316 1488 357 libentius
1533 316 1578 357 in
1621 317 1696 358 illa
1741 318 1837 359 sub-

317 387 544 440 scriptione
578 387 852 440 agnoscimus
885 386 998 440 quod
1030 401 1186 428 nomen
1225 386 1330 428 illud
1370 401 1591 441 perrarum
1629 387 1760 430 fuisse
1791 389 1836 429 in

317 457 463 497 Africa
507 456 835 510 inscriptionum
881 457 1098 498 silentium
1143 457 1320 499 euincit:
1370 460 1613 513 temporum
1659 458 1837 513 denique

315 528 425 568 ratio
458 527 646 568 concinit
679 528 849 583 egregie
877 531 919 569 et
945 529 1256 584 orthographia
1288 529 1510 583 archetypi
1539 529 1583 570 in
1615 530 1837 571 uocabulis

316 597 461 651 qualia
494 601 592 639 sunt
625 599 757 643 lollius,
789 602 935 654 aperte
962 600 1257 642 labdacismon
1286 599 1473 641 ostendit
1498 600 1714 642 Afrorum:
1753 615 1837 654 qua

315 669 364 708 de
396 683 441 709 re
472 668 517 710 in
551 670 688 724 capite
721 670 771 711 de
804 671 1116 726 orthographia
1149 671 1387 712 accuratius
1416 673 1578 725 agetur.
1623 671 1730 712 Tum
1756 672 1837 713 hoc
1882 715 1884 717 ,

313 739 509 793 inprimis
537 741 892 783 considerandum
920 744 986 782 est
1013 742 1220 783 librorum
1242 742 1293 782 ad
1314 741 1415 782 Her.
1436 742 1623 783 codicem
1645 743 1836 783 omnium

314 811 654 852 uetustissimum
681 811 724 852 H
751 815 793 854 et
818 812 1033 853 famosum
1067 813 1187 853 illum
1215 812 1480 854 Laudensem
1508 813 1715 866 scriptum
1743 828 1834 855 esse

312 881 358 922 in
390 881 773 937 Langobardorum
812 886 927 924 terra
965 883 1039 924 ubi
1079 886 1121 925 et
1159 883 1451 925 Romanianus
1493 886 1535 924 et
1570 884 1837 938 Augustinus

314 953 389 994 illo
411 953 461 994 de
489 968 572 1008 quo
598 954 781 995 diximus
809 956 1000 1009 tempore
1027 954 1420 996 commorabantur:
1448 954 1646 995 nimirum
1674 955 1839 1009 byblio-

312 1023 459 1065 thecas
500 1039 597 1065 suas
638 1025 752 1066 docti
790 1026 850 1066 illi
892 1026 1074 1080 putandi
1113 1028 1213 1067 sunt
1251 1040 1301 1067 ex
1340 1025 1542 1067 Afrorum
1582 1028 1700 1067 terra
1737 1026 1839 1067 illuc

313 1098 570 1150 asportasse.

431 1166 529 1208 Non
555 1167 769 1209 illustrem
797 1168 1009 1223 quendam
1037 1168 1365 1223 grammaticum
1393 1169 1465 1210 sed
1490 1168 1708 1210 hominem
1730 1169 1836 1210 satis

312 1238 531 1279 indoctum
565 1241 608 1279 et
639 1239 841 1280 inscitum
873 1240 1131 1282 rhetoricam
1160 1241 1212 1281 ad
1238 1240 1502 1281 Herennium
1535 1241 1721 1294 primum
1750 1240 1836 1281 edi-

312 1310 424 1351 disse
457 1324 552 1351 cum
586 1324 636 1351 ex
669 1311 997 1364 subscriptionis
1030 1312 1229 1353 barbarie
1263 1314 1355 1353 tum
1388 1311 1485 1353 inde
1518 1314 1696 1366 apparet
1723 1311 1834 1366 quod

311 1382 383 1422 ille
426 1381 625 1422 uidelicet
668 1381 825 1422 librum
869 1397 1021 1436 parum
1068 1385 1265 1424 accurate
1307 1383 1416 1438 legit
1457 1385 1499 1424 et
1542 1383 1836 1437 pel-tractauit.

313 1452 435 1501 Quod
468 1452 504 1494 si
535 1452 709 1494 fecisset
739 1467 827 1494 non
854 1468 960 1507 opus
988 1453 1093 1494 illud
1124 1453 1237 1508 quod
1265 1455 1467 1508 quattuor
1493 1456 1690 1495 constare
1716 1453 1835 1494 libris

311 1526 474 1565 certum
506 1526 572 1565 est
603 1524 647 1565 in
681 1538 753 1565 sex
786 1524 921 1566 libros
955 1524 1188 1566 divisisset:
1229 1539 1338 1579 quae
1378 1524 1533 1566 diuisio
1567 1524 1664 1566 inde
1698 1540 1723 1566 a
1748 1524 1837 1565 Pri-

313 1595 456 1636 seiano
489 1609 623 1649 usque
657 1595 708 1636 ad
740 1595 879 1649 prima
906 1596 1166 1649 exemplaria
1191 1595 1306 1650 typis
1334 1595 1542 1650 impressa
1570 1597 1661 1637 sola
1686 1595 1732 1637 in
1758 1611 1837 1637 usu

311 1666 393 1707 fuit
430 1669 472 1708 et
508 1667 552 1708 in
591 1667 789 1708 omnibus
828 1668 950 1709 libris
990 1682 1119 1709 manu
1161 1667 1334 1722 scriptis
1378 1668 1422 1708 in
1461 1668 1615 1722 quibus
1661 1668 1835 1709 omnino

312 1737 454 1792 aliqua
497 1737 707 1780 librorum
752 1738 907 1780 diuisio
950 1740 1091 1780 exstat
1131 1739 1375 1780 etiamnunc
1413 1738 1593 1780 dilucide
1638 1738 1837 1780 cernitur,

312 1808 460 1863 Neque
491 1823 592 1851 uero
632 1811 789 1850 temere
821 1824 900 1851 nec
933 1810 1025 1851 sine
1066 1824 1194 1851 causa
1232 1809 1353 1850 illam
1393 1809 1647 1850 diuisionem
1685 1809 1837 1850 fecisse

312 1880 525 1934 putandus
558 1883 634 1921 est.
684 1879 797 1921 Nam
828 1880 891 1922 IV
922 1881 986 1935 13,
1009 1882 1062 1922 18
1096 1883 1287 1922 extrema
1319 1880 1393 1922 ubi
1427 1880 1537 1921 liber
1569 1879 1631 1920 IV
1665 1880 1837 1934 explicit

311 1952 514 1993 nonnulla
552 1951 699 1993 deesse
741 1952 855 1993 recte
895 1950 1146 1993 Schuetzius
1192 1951 1348 1992 statuit
1392 1951 1555 2005 primus
1596 1965 1703 2006 quae
1747 1966 1834 1993 non

312 2037 414 2066 casu
452 2023 602 2077 quouis
642 2022 716 2063 sed
754 2036 802 2063 eo
842 2022 952 2076 quod
991 2023 1091 2063 libri
1131 2022 1191 2063 IV
1224 2022 1322 2063 finis
1366 2022 1589 2063 mutilatus
1622 2024 1714 2063 erat
1745 2036 1835 2076 per-

312 2094 413 2135 iisse
457 2097 789 2135 consentaneum
835 2096 912 2134 est.
975 2093 1107 2147 Atqui
1155 2095 1336 2147 apparet
1379 2092 1469 2134 fieri
1513 2107 1600 2134 non
1645 2093 1836 2147 potuisse

312 2168 361 2206 ut
393 2179 465 2206 sex
501 2165 637 2206 libelli
668 2168 758 2206 tam
791 2164 933 2219 exigui
965 2164 1008 2204 in
1050 2164 1243 2219 singulos
1281 2163 1449 2205 codices
1482 2163 1644 2205 reducti
1676 2163 1837 2205 fuerint

313 2251 419 2290 quos
463 2252 543 2291 par
586 2238 679 2278 erat
721 2250 806 2277 uno
852 2250 999 2276 omnes
1044 2235 1187 2276 codice
1227 2251 1250 2276 a
1296 2235 1472 2277 librario
1517 2234 1836 2289 comprehendi:

312 2308 432 2348 codex
481 2307 593 2347 enim
642 2307 864 2347 multorum
915 2307 1112 2347 librorum
1160 2309 1235 2359 est,
1292 2306 1391 2347 liber
1439 2306 1565 2347 unius
1612 2306 1837 2347 uolmninis

314 2375 507 2433 (Sueton.
540 2378 749 2431 p.134‚8
783 2375 850 2432 R).
914 2376 1031 2432 Ergo
1070 2377 1145 2418 illo
1186 2391 1309 2430 quem
1350 2376 1475 2417 modo
1517 2376 1699 2418 diximus
1741 2377 1834 2418 loco

314 2462 398 2490 non
442 2449 597 2490 codicis
642 2448 715 2489 sed
759 2448 990 2489 uoluminis
1034 2447 1130 2488 finis
1176 2450 1267 2488 erat
1311 2447 1428 2488 cuius
1474 2447 1627 2488 ultima
1676 2448 1836 2502 pagina

314 2533 408 2559 cum
442 2519 582 2574 aliquo
616 2534 717 2561 casu
744 2519 883 2560 deleta
912 2522 986 2560 aut
1019 2519 1199 2559 discissa
1231 2518 1359 2559 fuerit
1392 2533 1441 2559 ea
1466 2533 1572 2572 quae
1605 2518 1694 2559 illic
1726 2519 1834 2559 desi-

315 2589 517 2631 derantur
560 2591 692 2631 uerba
736 2590 910 2644 periere.
972 2588 1086 2630 Nam
1125 2589 1229 2630 satis
1269 2590 1425 2630 mirum
1470 2592 1536 2630 est
1584 2589 1833 2643 scriptorem

315 2661 515 2702 uolumen
558 2661 743 2714 primum
787 2661 976 2702 uoluisse
1020 2675 1112 2702 esse
1156 2660 1409 2715 paginarum
1448 2661 1502 2701 14
1532 2684 1579 2689 —-
1611 2662 1708 2701 utar
1751 2674 1833 2714 quo

316 2731 579 2773 commodius
612 2746 679 2772 res
712 2731 905 2785 intellegi
945 2731 1083 2784 possit
1121 2731 1305 2773 editione
1338 2730 1554 2785 Lipsiensi
1586 2730 1687 2771 anni
1723 2730 1835 2772 1884

315 2826 373 2831 —-
399 2802 628 2844 secundum
661 2803 735 2856 28,
772 2801 948 2842 tertium
981 2802 1056 2854 21,
1087 2801 1140 2842 51
1182 2804 1400 2855 quartum:
1440 2803 1634 2856 apparet,
1671 2801 1833 2855 opinor,

318 2874 572 2928 scriptorem
621 2874 777 2914 librum
829 2875 1027 2927 quartum
1077 2872 1119 2912 in
1171 2872 1254 2912 tria
1299 2872 1566 2913 distribuisse
1616 2872 1835 2913 uolumina
