2003 3116
700 105 1067 140 PROLEGOMENA.
1566 107 1648 149 135

123 216 312 258 studiose
353 215 472 257 rudis
511 215 585 258 ille
625 217 772 258 utatur
811 215 1033 270 anaphora
1072 230 1111 270 p.
1137 215 1192 257 41
1227 214 1326 257 edit.
1351 215 1489 257 Jord.:
1536 216 1647 272 ‘quis

124 288 235 329 hanc
265 287 580 342 contumeliam,
614 286 707 342 quis
738 286 822 329 hoc
854 287 1094 342 imperium,
1128 287 1221 342 quis
1252 287 1362 329 hanc
1395 288 1649 329 seruitutem

125 358 236 400 ferre
261 360 432 412 potest?
463 372 587 400 nemo
614 359 695 400 hoc
720 372 793 399 rex
821 373 948 399 ausus
977 360 1042 399 est
1066 358 1225 400 facere:
1258 373 1361 400 eane
1393 358 1485 401 fieri
1511 360 1648 414 bonis,

124 430 237 472 bono
270 428 435 485 genere}
462 429 623 485 gnatis,
662 429 764 470 boni
797 428 1050 470 consulitis?
1089 430 1162 470 ubi
1198 430 1400 484 societas,
1438 430 1512 472 ubi
1543 430 1647 472 fides

124 501 365 543 maiorum?
391 533 399 542 .
427 532 437 542 .
463 533 472 542 .
500 502 565 541 set
599 501 806 554 quantum
838 500 1023 555 luctum,
1055 502 1260 554 quantum
1293 501 1512 556 gemitum,
1547 503 1648 556 quid

123 572 414 626 lacrimarum,
453 573 660 626 quantum
698 570 845 612 fletum
885 570 1046 612 factum
1080 569 1279 612 audiui‘P'
1311 586 1344 613 e.
1372 586 1409 626 q.
1437 587 1468 613 s.
1531 572 1647 622 Quae

124 644 254 686 uerba
287 644 358 685 ille
391 642 498 684 dixit
531 656 641 684 anno
674 641 762 683 fere
796 641 994 695 564s190.
1043 641 1094 683 In
1126 641 1340 683 rhetorica
1373 642 1425 683 ad
1459 642 1560 686 Her.
1585 644 1648 686 IV

123 716 161 770 5,
189 716 211 757 7
239 715 286 756 hi
318 715 623 756 enumerantur
650 715 862 755 oratores:
901 711 1022 768 Cato,
1049 712 1244 767 Gracchi,
1276 712 1461 768 Laelius,
1493 713 1646 770 Scipio,

123 785 274 841 Galba,
294 785 489 840 Porcina,
504 783 696 839 Crassus,
719 784 943 839 Antonius,
959 784 1031 839 qui
1050 786 1245 839 tempore
1262 782 1439 826 Sullano
1455 786 1645 828 omnium

122 857 480 899 existimabantur
518 856 744 898 clarissimi
783 858 826 897 et
864 856 1027 910 optimi.
1090 855 1154 897 De
1187 854 1345 898 Crasso
1380 858 1422 898 et
1454 856 1645 899 Antonio

120 929 201 971 hoc
227 929 319 970 loco
346 943 432 970 non
459 929 628 983 agetur:
660 927 704 968 in
736 928 999 982 reliquorum
1032 927 1223 982 reliquiis
1257 927 1399 969 studia
1430 927 1646 971 rhetorica

123 1000 304 1042 dilucide
332 1002 572 1041 cernuntur.
623 998 771 1040 Veluti
797 999 840 1040 in
867 999 954 1040 illis
982 997 1196 1053 Scipionis
1225 1013 1332 1054 quae
1365 1000 1567 1054 leguntur
1600 1001 1645 1042 in

124 1070 256 1114 ORF2
285 1087 325 1126 p.
356 1072 450 1113 181.
480 1071 562 1113 193
603 1070 703 1112 licet
741 1070 944 1111 admirari
977 1070 1198 1112 rhetorum
1234 1070 1470 1127 schemata,
1510 1072 1645 1114 multo

117 1143 254 1197 magis
293 1143 336 1184 111
382 1140 428 1184 C.
462 1140 644 1183 Gracchi
691 1141 961 1184 orationibus
1007 1142 1078 1197 qui
1125 1156 1178 1183 ne
1223 1141 1432 1183 eiusmodi
1475 1141 1645 1196 quidem

117 1215 372 1268 aspernatus
419 1214 475 1255 sit
519 1228 653 1255 uanos
698 1213 926 1254 uerborum
973 1212 1153 1254 tinnitus
1193 1214 1220 1254 l.
1260 1228 1291 1254 s.
1329 1229 1368 1267 p.
1404 1213 1501 1255 238.
1540 1214 1643 1255 231:

116 1283 248 1334 ‘Quae
281 1299 358 1326 uos
385 1284 537 1339 cupide
570 1299 646 1340 per
678 1285 805 1326 hosce
840 1299 975 1326 annos
1010 1284 1251 1340 appetiistis
1286 1287 1412 1339 atque
1445 1285 1643 1326 uoluistis

116 1372 165 1398 ea
198 1356 233 1398 si
272 1359 430 1399 temere
469 1356 763 1411 repudiaritis,
807 1356 956 1397 abesse
989 1370 1075 1398 non
1107 1358 1268 1411 potest,
1300 1356 1403 1411 quin
1435 1359 1510 1398 aut
1542 1356 1643 1398 olim

116 1428 266 1482 cupide
306 1427 524 1482 appetisse
564 1430 638 1468 aut
677 1441 788 1469 nunc
820 1429 978 1469 temere
1014 1427 1260 1482 repudiasse
1294 1427 1525 1469 dicamini.'
1587 1427 1645 1469 Et

117 1499 202 1541 alio
223 1499 338 1541 loco:
366 1498 547 1540 ‘Abesse
566 1513 652 1540 non
672 1500 827 1554 potest,
848 1498 950 1553 quin
972 1498 1159 1540 eiusdem
1181 1499 1368 1541 hominis
1390 1499 1457 1554 sit,
1484 1500 1642 1554 probos

113 1570 370 1625 improbare,
405 1570 477 1625 qui
502 1570 723 1624 improbos
748 1569 932 1624 probet.'
983 1569 1033 1611 In
1067 1570 1221 1625 quibus
1255 1585 1341 1611 non
1376 1571 1517 1612 solum
1551 1586 1642 1612 sen-

113 1641 275 1683 tentiae
302 1641 503 1683 circuitus
532 1640 754 1683 delicatior
780 1643 844 1682 est
871 1655 998 1695 quam
1028 1641 1289 1683 consuetudo
1323 1644 1514 1683 ueterum
1550 1657 1642 1684 ora-

113 1715 255 1755 torum
288 1713 388 1766 fert,
430 1713 564 1754 uerba
597 1727 764 1768 quoque
790 1713 1010 1754 'collocata
1044 1715 1145 1754 sunt
1177 1713 1416 1755 accuratius
1450 1714 1638 1756 modula-

113 1784 294 1840 tiusque.
345 1783 438 1826 Illis
466 1783 668 1826 nimirum
696 1784 962 1839 temporibus
995 1785 1106 1826 laete
1140 1787 1183 1826 et
1215 1784 1396 1827 feliciter
1428 1785 1642 1828 rhetorica

113 1856 267 1898 Latina
309 1856 609 1898 luxuriabatur
647 1857 766 1898 cuius
804 1856 867 1898 rei
900 1855 944 1898 C.
977 1856 1128 1899 Lucilii
1169 1859 1338 1899 saturae
1379 1860 1478 1899 sunt
1516 1857 1639 1899 docu-

116 1931 275 1971 mento.
326 1926 409 1976 Qui
436 1930 479 1969 et
505 1928 711 1970 mortales
739 1930 781 1969 et
806 1928 1073 1970 immortales
1101 1929 1265 1970 inducit
1296 1929 1638 1971 rlietorissantes.

116 1999 255 2049 Quam
285 1999 425 2053 lepide
458 1999 570 2041 enim
604 2002 647 2041 et
678 2000 820 2041 iocose
853 1998 897 2040 in
925 1999 1099 2041 deorum
1134 1999 1317 2043 concilio
1350 2001 1509 2055 ἄνδρες
1540 2002 1645 2042 θεοί

115 2070 202 2113 suis
224 2071 404 2126 quisque
431 2072 611 2112 utuntur
632 2073 674 2112 et
698 2070 930 2126 prooemiis
958 2075 1000 2112 et
1026 2071 1327 2126 schematibus,
1354 2087 1482 2127 quam
1503 2072 1639 2113 facete

112 2145 156 2183 et
193 2144 371 2183 uenuste
416 2141 585 2183 induxit
624 2140 876 2184 Scaeuolam
915 2142 1090 2184 Albucii
1132 2143 1262 2184 lexeis
1307 2144 1412 2186 scite
1454 2146 1495 2185 et
1539 2144 1638 2185 arti-

112 2214 255 2256 ficiose
288 2213 550 2268 compositas
585 2212 696 2268 apud
728 2212 888 2255 iudices
922 2213 1204 2256 deridentem!
1256 2212 1383 2256 Clara
1415 2215 1499 2256 illis
1532 2219 1637 2256 tem-

111 2285 289 2340 poribus
322 2286 446 2326 erant
478 2283 738 2327 Graecorum
772 2284 993 2326 rhetorum
1026 2285 1201 2327 nomina
1233 2286 1366 2328 ueluti
1397 2285 1637 2341 Diophanis

110 2356 362 2411 Mitylenaei
407 2355 592 2397 Menelai
635 2355 881 2397 Maratheni
926 2370 1105 2411 quorum
1151 2372 1281 2413 opera
1319 2356 1501 2399 Gracchi
1545 2360 1637 2398 ute-

110 2429 271 2470 bantur
315 2428 361 2469 in
403 2427 674 2469 orationibus
717 2428 803 2469 suis
846 2427 1164 2470 conscribendis
1207 2427 1337 2485 (Plut.
1365 2428 1428 2469 Ti.
1462 2427 1635 2470 Gracch.

113 2501 149 2542 8.
171 2500 227 2541 20
260 2497 343 2541 Cic.
371 2498 491 2540 Brut.
517 2500 586 2554 26,
609 2497 724 2555 100),
757 2499 842 2540 illis
869 2500 1134 2554 temporibus
1160 2501 1324 2554 primus
1357 2500 1636 2555 λογογράφος

111 2570 257 2612 extitit
300 2569 464 2611 Romae
511 2568 556 2612 C.
595 2569 767 2612 Persius
812 2571 902 2624 ille,
946 2585 1070 2625 quem
1115 2571 1239 2613 ualde
1284 2571 1457 2612 doctum
1503 2571 1634 2612 fuisse

112 2642 327 2697 significat
362 2639 554 2682 Lucilius
593 2639 698 2697 (Cic.
725 2640 845 2682 Brut.
878 2642 952 2695 26,
979 2639 1074 2698 99),
1112 2657 1194 2696 quo
1233 2641 1277 2682 in
1319 2641 1460 2683 officio
1499 2642 1634 2683 secuti

112 2715 212 2755 sunt
258 2712 300 2755 L.
333 2712 480 2753 Aelius
529 2711 636 2754 Stilo
676 2711 720 2753 L.
753 2711 919 2753 Plotius
959 2712 1130 2767 Gallus,
1173 2713 1259 2754 illis
1305 2712 1486 2766 denique
1530 2715 1633 2753 tem-

110 2783 287 2839 poribus
313 2782 528 2825 rhetorica
554 2798 579 2824 a
604 2782 849 2825 rhetoribus
875 2782 1042 2825 Latinis
1068 2783 1181 2824 tradi
1208 2786 1358 2838 coepta
1384 2786 1461 2838 est,
1489 2798 1633 2838 quam-

111 2869 238 2909 quam
264 2855 500 2897 multorum
527 2854 748 2897 doctorum
777 2857 819 2896 et
840 2854 1097 2896 Graecorum
1122 2857 1165 2896 et
1186 2854 1437 2897 Latinorum
1458 2855 1632 2898 nomina
