<?xml version="1.0" encoding="UTF-8"?>
<!DOCTYPE html PUBLIC "-//W3C//DTD XHTML 1.0 Transitional//EN"
    "http://www.w3.org/TR/xhtml1/DTD/xhtml1-transitional.dtd">
<html xmlns="http://www.w3.org/1999/xhtml" xml:lang="en" lang="en">
 <head>
  <title>
</title>
<meta http-equiv="Content-Type" content="text/html;charset=utf-8" />
  <meta name='ocr-system' content='tesseract 3.04.00' />
  <meta name='ocr-capabilities' content='ocr_page ocr_carea ocr_par ocr_line ocrx_word'/>
</head>
<body>
  <div class='ocr_page' id='page_1' title='image "./incertiauctorisd00marxuoft_0071.png"; bbox 0 0 2003 3116; ppageno 0'>
   <div class='ocr_carea' id='block_1_1' title="bbox 664 99 1611 141">
    <p class='ocr_par' dir='ltr' id='par_1_1' title="bbox 664 99 1611 141">
     <span class='ocr_line' id='line_1_1' title="bbox 664 99 1611 141; baseline -0.001 -8"><span class='ocrx_word' id='word_1_1' title='bbox 664 100 1032 135; x_wconf 82' lang='lat' dir='ltr'><strong>PROLEGOMENA.</strong></span> <span class='ocrx_word' id='word_1_2' title='bbox 1555 99 1611 141; x_wconf 83' lang='lat'><em>55</em></span> 
     </span>
    </p>
   </div>
   <div class='ocr_carea' id='block_1_2' title="bbox 91 209 1682 285">
    <p class='ocr_par' dir='ltr' id='par_1_2' title="bbox 91 209 1682 285">
     <span class='ocr_line' id='line_1_2' title="bbox 91 209 1682 285; baseline 0 -35"><span class='ocrx_word' id='word_1_3' title='bbox 91 209 116 262; x_wconf 81' lang='grc' dir='ltr'>ἡ</span> <span class='ocrx_word' id='word_1_4' title='bbox 147 210 312 262; x_wconf 87' lang='grc' dir='ltr'><em>φυσική,</em></span> <span class='ocrx_word' id='word_1_5' title='bbox 343 211 378 250; x_wconf 88' lang='grc' dir='ltr'><em>εἰ</em></span> <span class='ocrx_word' id='word_1_6' title='bbox 405 211 476 251; x_wconf 83' lang='grc' dir='ltr'><em>καί</em></span> <span class='ocrx_word' id='word_1_7' title='bbox 503 226 580 251; x_wconf 88' lang='grc' dir='ltr'><em>τινι</em></span> <span class='ocrx_word' id='word_1_8' title='bbox 611 216 688 251; x_wconf 86' lang='grc' dir='ltr'><em>τῶν</em></span> <span class='ocrx_word' id='word_1_9' title='bbox 720 209 945 264; x_wconf 81' lang='grc' dir='ltr'><em>ἀνθρώπων</em></span> <span class='ocrx_word' id='word_1_10' title='bbox 976 210 1195 285; x_wconf 77' lang='grc' dir='ltr'><em>ἐξῃρημένη</em></span> <span class='ocrx_word' id='word_1_11' title='bbox 1229 211 1385 263; x_wconf 82' lang='grc' dir='ltr'><em>δοθείη·</em></span> <span class='ocrx_word' id='word_1_12' title='bbox 1424 210 1487 250; x_wconf 83' lang='grc' dir='ltr'><em>ε’πὶ</em></span> <span class='ocrx_word' id='word_1_13' title='bbox 1512 211 1613 250; x_wconf 86' lang='grc' dir='ltr'><em>πολὺ</em></span> <span class='ocrx_word' id='word_1_14' title='bbox 1640 219 1682 250; x_wconf 79' lang='lat'><em>29</em></span> 
     </span>
    </p>
   </div>
   <div class='ocr_carea' id='block_1_3' title="bbox 89 269 1616 1694">
    <p class='ocr_par' dir='ltr' id='par_1_3' title="bbox 89 269 1616 1694">
     <span class='ocr_line' id='line_1_3' title="bbox 91 269 1612 326; baseline 0 -17"><span class='ocrx_word' id='word_1_15' title='bbox 91 270 164 324; x_wconf 83' lang='grc' dir='ltr'><em>γὰρ</em></span> <span class='ocrx_word' id='word_1_16' title='bbox 202 270 302 321; x_wconf 72' lang='grc' dir='ltr'><em>αὕτη</em></span> <span class='ocrx_word' id='word_1_17' title='bbox 339 269 412 322; x_wconf 83' lang='grc' dir='ltr'><em>τὴν</em></span> <span class='ocrx_word' id='word_1_18' title='bbox 449 286 517 323; x_wconf 92' lang='grc' dir='ltr'><em>της</em></span> <span class='ocrx_word' id='word_1_19' title='bbox 555 271 711 322; x_wconf 90' lang='grc' dir='ltr'><em>φύσεως</em></span> <span class='ocrx_word' id='word_1_20' title='bbox 749 272 1011 323; x_wconf 82' lang='grc' dir='ltr'><em>μνημοσύνην</em></span> <span class='ocrx_word' id='word_1_21' title='bbox 1047 270 1172 324; x_wconf 81' lang='grc' dir='ltr'><em>ἀνέχει</em></span> <span class='ocrx_word' id='word_1_22' title='bbox 1202 270 1267 310; x_wconf 87' lang='grc' dir='ltr'><em>καὶ</em></span> <span class='ocrx_word' id='word_1_23' title='bbox 1298 271 1483 310; x_wconf 81' lang='grc' dir='ltr'><em>πλατύνει</em></span> <span class='ocrx_word' id='word_1_24' title='bbox 1513 270 1612 326; x_wconf 80' lang='grc' dir='ltr'><em>λόγῳ</em></span> 
     </span>
     <span class='ocr_line' id='line_1_4' title="bbox 93 327 1614 404; baseline 0 -36"><span class='ocrx_word' id='word_1_25' title='bbox 93 330 356 377; x_wconf 79' lang='grc' dir='ltr'><em>διδασκαλίας.</em></span> <span class='ocrx_word' id='word_1_26' title='bbox 394 327 520 369; x_wconf 88' lang='grc' dir='ltr'><em>Όθεν</em></span> <span class='ocrx_word' id='word_1_27' title='bbox 551 329 617 370; x_wconf 84' lang='grc' dir='ltr'><em>καὶ</em></span> <span class='ocrx_word' id='word_1_28' title='bbox 641 328 666 382; x_wconf 83' lang='grc' dir='ltr'>ἡ</span> <span class='ocrx_word' id='word_1_29' title='bbox 694 330 842 381; x_wconf 79' lang='grc' dir='ltr'><em>φυσική</em></span> <span class='ocrx_word' id='word_1_30' title='bbox 875 330 1009 404; x_wconf 84' lang='grc' dir='ltr'><em>μνήμη</em></span> <span class='ocrx_word' id='word_1_31' title='bbox 1035 338 1080 386; x_wconf 80' lang='grc' dir='ltr'><em>τῆ</em></span> <span class='ocrx_word' id='word_1_32' title='bbox 1108 331 1337 370; x_wconf 88' lang='grc' dir='ltr'><em>διδασκαλία</em></span> <span class='ocrx_word' id='word_1_33' title='bbox 1369 331 1614 382; x_wconf 85' lang='grc' dir='ltr'><em>συμβεβαιω-</em></span> 
     </span>
     <span class='ocr_line' id='line_1_5' title="bbox 91 384 1614 464; baseline 0 -36"><span class='ocrx_word' id='word_1_34' title='bbox 91 387 174 441; x_wconf 88' lang='grc' dir='ltr'><em>τέα,</em></span> <span class='ocrx_word' id='word_1_35' title='bbox 217 388 269 436; x_wconf 85' lang='grc' dir='ltr'><em>ὡς</em></span> <span class='ocrx_word' id='word_1_36' title='bbox 301 406 351 429; x_wconf 91' lang='grc' dir='ltr'><em>αν</em></span> <span class='ocrx_word' id='word_1_37' title='bbox 383 389 443 441; x_wconf 89' lang='grc' dir='ltr'><em>ειἠ</em></span> <span class='ocrx_word' id='word_1_38' title='bbox 480 389 636 437; x_wconf 89' lang='grc' dir='ltr'><em>πάντως</em></span> <span class='ocrx_word' id='word_1_39' title='bbox 667 389 903 464; x_wconf 81' lang='grc' dir='ltr'><em>ἐξῃρημένη·</em></span> <span class='ocrx_word' id='word_1_40' title='bbox 947 389 1013 429; x_wconf 80' lang='grc' dir='ltr'><em>καὶ</em></span> <span class='ocrx_word' id='word_1_41' title='bbox 1056 384 1177 437; x_wconf 70' lang='grc' dir='ltr'><em>αὖθις</em></span> <span class='ocrx_word' id='word_1_42' title='bbox 1217 397 1262 445; x_wconf 74' lang='grc' dir='ltr'><em>τῇ</em></span> <span class='ocrx_word' id='word_1_43' title='bbox 1300 396 1345 445; x_wconf 77' lang='grc' dir='ltr'><em>τῇ</em></span> <span class='ocrx_word' id='word_1_44' title='bbox 1385 390 1614 428; x_wconf 91' lang='grc' dir='ltr'><em>διδασκαλία</em></span> 
     </span>
     <span class='ocr_line' id='line_1_6' title="bbox 93 447 1614 505; baseline 0.001 -18"><span class='ocrx_word' id='word_1_45' title='bbox 93 447 280 505; x_wconf 83' lang='grc' dir='ltr'><em>διδομένη</em></span> <span class='ocrx_word' id='word_1_46' title='bbox 312 448 558 501; x_wconf 87' lang='grc' dir='ltr'><em>προσληπτέα</em></span> <span class='ocrx_word' id='word_1_47' title='bbox 588 465 654 488; x_wconf 88' lang='grc' dir='ltr'><em>και</em></span> <span class='ocrx_word' id='word_1_48' title='bbox 683 447 708 499; x_wconf 80' lang='grc' dir='ltr'><em>ἡ</em></span> <span class='ocrx_word' id='word_1_49' title='bbox 742 449 899 499; x_wconf 75' lang='grc' dir='ltr'><em>εὐφυΐα.</em></span> <span class='ocrx_word' id='word_1_50' title='bbox 951 448 1055 488; x_wconf 78' lang='grc' dir='ltr'><em>Οὐδὲ</em></span> <span class='ocrx_word' id='word_1_51' title='bbox 1085 449 1158 501; x_wconf 81' lang='grc' dir='ltr'><em>γὰρ</em></span> <span class='ocrx_word' id='word_1_52' title='bbox 1191 448 1233 488; x_wconf 82' lang='grc' dir='ltr'><em>έν</em></span> <span class='ocrx_word' id='word_1_53' title='bbox 1264 450 1385 504; x_wconf 79' lang='grc' dir='ltr'><em>ταύτῃ</em></span> <span class='ocrx_word' id='word_1_54' title='bbox 1418 452 1563 500; x_wconf 80' lang='grc' dir='ltr'><em>μᾶλλον</em></span> <span class='ocrx_word' id='word_1_55' title='bbox 1588 447 1614 500; x_wconf 66' lang='grc' dir='ltr'><em>ὃ]</em></span> 
     </span>
     <span class='ocr_line' id='line_1_7' title="bbox 91 506 1613 563; baseline 0 -16"><span class='ocrx_word' id='word_1_56' title='bbox 91 507 286 548; x_wconf 71' lang='grc' dir='ltr'><em>ἔλαττον</em></span> <span class='ocrx_word' id='word_1_57' title='bbox 273 525 298 560; x_wconf 89' lang='grc' dir='ltr'><em>η</em></span> <span class='ocrx_word' id='word_1_58' title='bbox 323 513 406 555; x_wconf 88' lang='grc' dir='ltr'><em>ταῖς</em></span> <span class='ocrx_word' id='word_1_59' title='bbox 438 507 584 559; x_wconf 75' lang='grc' dir='ltr'><em>ἑτέραις</em></span> <span class='ocrx_word' id='word_1_60' title='bbox 615 506 765 560; x_wconf 83' lang='grc' dir='ltr'><em>τέχναις</em></span> <span class='ocrx_word' id='word_1_61' title='bbox 797 509 1018 560; x_wconf 82' lang='grc' dir='ltr'><em>συμβαίνει,</em></span> <span class='ocrx_word' id='word_1_62' title='bbox 1050 509 1195 563; x_wconf 82' lang='grc' dir='ltr'><em>εὐφυΐα</em></span> <span class='ocrx_word' id='word_1_63' title='bbox 1228 507 1298 560; x_wconf 83' lang='grc' dir='ltr'><em>μὲν</em></span> <span class='ocrx_word' id='word_1_64' title='bbox 1323 507 1396 559; x_wconf 81' lang='grc' dir='ltr'><em>τὴν</em></span> <span class='ocrx_word' id='word_1_65' title='bbox 1429 508 1613 547; x_wconf 55' lang='grc' dir='ltr'><em>διδασκψ</em></span> 
     </span>
     <span class='ocr_line' id='line_1_8' title="bbox 90 562 1614 619; baseline 0.001 -13"><span class='ocrx_word' id='word_1_66' title='bbox 90 568 192 619; x_wconf 85' lang='grc' dir='ltr'><em>λίαν,</em></span> <span class='ocrx_word' id='word_1_67' title='bbox 231 568 461 607; x_wconf 87' lang='grc' dir='ltr'><em>διδασκαλία</em></span> <span class='ocrx_word' id='word_1_68' title='bbox 493 565 535 606; x_wconf 81' lang='grc' dir='ltr'><em>δὲ</em></span> <span class='ocrx_word' id='word_1_69' title='bbox 566 566 638 618; x_wconf 85' lang='grc' dir='ltr'><em>τὴν</em></span> <span class='ocrx_word' id='word_1_70' title='bbox 671 568 793 617; x_wconf 88' lang='grc' dir='ltr'><em>φύσιν</em></span> <span class='ocrx_word' id='word_1_71' title='bbox 826 566 1046 619; x_wconf 76' lang='grc' dir='ltr'><em>ἐκλάμπειν.</em></span> <span class='ocrx_word' id='word_1_72' title='bbox 1096 567 1306 615; x_wconf 83' lang='grc' dir='ltr'><em>Κάκείνοις</em></span> <span class='ocrx_word' id='word_1_73' title='bbox 1339 562 1412 607; x_wconf 79' lang='grc' dir='ltr'><em>οὗν</em></span> <span class='ocrx_word' id='word_1_74' title='bbox 1443 568 1614 619; x_wconf 82' lang='grc' dir='ltr'><em>πάντως,</em></span> 
     </span>
     <span class='ocr_line' id='line_1_9' title="bbox 92 625 1614 680; baseline 0 -14"><span class='ocrx_word' id='word_1_75' title='bbox 92 628 131 667; x_wconf 80' lang='grc' dir='ltr'><em>οἳ</em></span> <span class='ocrx_word' id='word_1_76' title='bbox 154 627 269 678; x_wconf 90' lang='grc' dir='ltr'><em>φύσει</em></span> <span class='ocrx_word' id='word_1_77' title='bbox 300 625 605 679; x_wconf 83' lang='grc' dir='ltr'><em>μνημονευτικοὶ</em></span> <span class='ocrx_word' id='word_1_78' title='bbox 629 627 889 679; x_wconf 80' lang='grc' dir='ltr'><em>τυγχάνουσιν</em></span> <span class='ocrx_word' id='word_1_79' title='bbox 919 625 1041 678; x_wconf 82' lang='grc' dir='ltr'><em>ὄντες,</em></span> <span class='ocrx_word' id='word_1_80' title='bbox 1073 625 1267 679; x_wconf 82' lang='grc' dir='ltr'><em>ὠφέλιμος</em></span> <span class='ocrx_word' id='word_1_81' title='bbox 1295 625 1314 666; x_wconf 84' lang='grc' dir='ltr'>ὁ</span> <span class='ocrx_word' id='word_1_82' title='bbox 1340 626 1477 680; x_wconf 87' lang='grc' dir='ltr'><em>παρὼν</em></span> <span class='ocrx_word' id='word_1_83' title='bbox 1509 626 1614 680; x_wconf 84' lang='grc' dir='ltr'><em>ἀγὼν</em></span> 
     </span>
     <span class='ocr_line' id='line_1_10' title="bbox 90 683 1614 743; baseline 0 -18"><span class='ocrx_word' id='word_1_84' title='bbox 90 686 213 737; x_wconf 69' lang='grc' dir='ltr'><em>ἔσται,</em></span> <span class='ocrx_word' id='word_1_85' title='bbox 254 683 275 725; x_wconf 79' lang='grc' dir='ltr'>ὃ</span> <span class='ocrx_word' id='word_1_86' title='bbox 314 685 432 733; x_wconf 73' lang='grc' dir='ltr'><em>αὐτὸς</em></span> <span class='ocrx_word' id='word_1_87' title='bbox 478 683 557 738; x_wconf 86' lang='grc' dir='ltr'><em>μετ’</em></span> <span class='ocrx_word' id='word_1_88' title='bbox 594 684 725 738; x_wconf 83' lang='grc' dir='ltr'><em>ὀλίγον</em></span> <span class='ocrx_word' id='word_1_89' title='bbox 768 685 954 737; x_wconf 79' lang='grc' dir='ltr'><em>ἐννοῆσαι</em></span> <span class='ocrx_word' id='word_1_90' title='bbox 1004 686 1168 743; x_wconf 85' lang='grc' dir='ltr'><em>δυνήσῃ.</em></span> <span class='ocrx_word' id='word_1_91' title='bbox 1218 687 1272 725; x_wconf 89' lang='grc' dir='ltr'><em>Εἰ</em></span> <span class='ocrx_word' id='word_1_92' title='bbox 1315 685 1357 725; x_wconf 89' lang='grc' dir='ltr'><em>δέ</em></span> <span class='ocrx_word' id='word_1_93' title='bbox 1398 701 1500 733; x_wconf 87' lang='grc' dir='ltr'><em>τινες</em></span> <span class='ocrx_word' id='word_1_94' title='bbox 1536 693 1614 726; x_wconf 87' lang='grc' dir='ltr'><em>τῶν</em></span> 
     </span>
     <span class='ocr_line' id='line_1_11' title="bbox 90 743 1614 801; baseline 0 -16"><span class='ocrx_word' id='word_1_95' title='bbox 90 743 286 798; x_wconf 77' lang='grc' dir='ltr'><em>ἡμετέρων</em></span> <span class='ocrx_word' id='word_1_96' title='bbox 329 752 375 800; x_wconf 82' lang='grc' dir='ltr'><em>τῇ</em></span> <span class='ocrx_word' id='word_1_97' title='bbox 420 751 533 796; x_wconf 85' lang='grc' dir='ltr'><em>σφῶν</em></span> <span class='ocrx_word' id='word_1_98' title='bbox 577 744 724 800; x_wconf 66' lang='grc' dir='ltr'><em>εὐφυΐα</em></span> <span class='ocrx_word' id='word_1_99' title='bbox 767 746 1011 797; x_wconf 76' lang='grc' dir='ltr'><em>θαῤῥοῦντες</em></span> <span class='ocrx_word' id='word_1_100' title='bbox 1054 745 1119 785; x_wconf 82' lang='grc' dir='ltr'><em>καὶ</em></span> <span class='ocrx_word' id='word_1_101' title='bbox 1163 746 1283 801; x_wconf 79' lang='grc' dir='ltr'><em>ταύτῃ</em></span> <span class='ocrx_word' id='word_1_102' title='bbox 1327 746 1517 798; x_wconf 83' lang='grc' dir='ltr'><em>χρώμενοι</em></span> <span class='ocrx_word' id='word_1_103' title='bbox 1567 745 1614 785; x_wconf 85' lang='grc' dir='ltr'><em>οὐ</em></span> 
     </span>
     <span class='ocr_line' id='line_1_12' title="bbox 90 803 1614 858; baseline 0 -14"><span class='ocrx_word' id='word_1_104' title='bbox 90 803 344 857; x_wconf 77' lang='grc' dir='ltr'><em>προσδέοιντο</em></span> <span class='ocrx_word' id='word_1_105' title='bbox 376 811 452 844; x_wconf 89' lang='grc' dir='ltr'><em>τῶν</em></span> <span class='ocrx_word' id='word_1_106' title='bbox 484 803 562 856; x_wconf 76' lang='grc' dir='ltr'><em>ἤδη</em></span> <span class='ocrx_word' id='word_1_107' title='bbox 595 804 896 857; x_wconf 73' lang='grc' dir='ltr'><em>ῥηθησομένων,</em></span> <span class='ocrx_word' id='word_1_108' title='bbox 934 805 1049 858; x_wconf 85' lang='grc' dir='ltr'><em>λόγον</em></span> <span class='ocrx_word' id='word_1_109' title='bbox 1087 804 1137 844; x_wconf 70' lang='grc' dir='ltr'><em>ἂν</em></span> <span class='ocrx_word' id='word_1_110' title='bbox 1173 804 1414 856; x_wconf 78' lang='grc' dir='ltr'><em>ἀποδοίημεν</em></span> <span class='ocrx_word' id='word_1_111' title='bbox 1447 806 1614 856; x_wconf 86' lang='grc' dir='ltr'><em>δίκαιον,</em></span> 
     </span>
     <span class='ocr_line' id='line_1_13' title="bbox 90 860 1616 918; baseline 0 -14"><span class='ocrx_word' id='word_1_112' title='bbox 90 864 131 904; x_wconf 90' lang='grc' dir='ltr'><em>τὸ</em></span> <span class='ocrx_word' id='word_1_113' title='bbox 171 862 241 916; x_wconf 81' lang='grc' dir='ltr'><em>μὲν</em></span> <span class='ocrx_word' id='word_1_114' title='bbox 272 863 472 918; x_wconf 67' lang='grc' dir='ltr'><em>προύργου</em></span> <span class='ocrx_word' id='word_1_115' title='bbox 505 868 585 912; x_wconf 85' lang='grc' dir='ltr'><em>τοῖς</em></span> <span class='ocrx_word' id='word_1_116' title='bbox 623 863 916 917; x_wconf 80' lang='grc' dir='ltr'><em>εὐφυεστέροις,</em></span> <span class='ocrx_word' id='word_1_117' title='bbox 954 869 1034 912; x_wconf 87' lang='grc' dir='ltr'><em>τοῖς</em></span> <span class='ocrx_word' id='word_1_118' title='bbox 1068 861 1103 903; x_wconf 82' lang='grc' dir='ltr'><em>δ’</em></span> <span class='ocrx_word' id='word_1_119' title='bbox 1126 860 1242 916; x_wconf 76' lang='grc' dir='ltr'><em>ἧττον</em></span> <span class='ocrx_word' id='word_1_120' title='bbox 1281 864 1448 915; x_wconf 75' lang='grc' dir='ltr'><em>εὐφυΐας</em></span> <span class='ocrx_word' id='word_1_121' title='bbox 1487 864 1616 917; x_wconf 76' lang='grc' dir='ltr'><em>ἔχουσι</em></span> 
     </span>
     <span class='ocr_line' id='line_1_14' title="bbox 90 923 1615 977; baseline 0 -14"><span class='ocrx_word' id='word_1_122' title='bbox 90 926 259 977; x_wconf 81' lang='grc' dir='ltr'><em>βοηθεῖν</em></span> <span class='ocrx_word' id='word_1_123' title='bbox 309 923 570 977; x_wconf 84' lang='grc' dir='ltr'><em>αἱρουμένους</em></span> <span class='ocrx_word' id='word_1_124' title='bbox 620 923 729 964; x_wconf 89' lang='grc' dir='ltr'><em>ταυτὶ</em></span> <span class='ocrx_word' id='word_1_125' title='bbox 772 925 1124 977; x_wconf 87' lang='grc' dir='ltr'><em>πραγματεύεσθαι.</em></span> <span class='ocrx_word' id='word_1_126' title='bbox 1185 924 1284 977; x_wconf 88' lang='grc' dir='ltr'><em>Περὶ</em></span> <span class='ocrx_word' id='word_1_127' title='bbox 1327 931 1395 975; x_wconf 82' lang='grc' dir='ltr'><em>τῆς</em></span> <span class='ocrx_word' id='word_1_128' title='bbox 1440 930 1615 976; x_wconf 76' lang='grc' dir='ltr'><em>τεχνικῆς</em></span> 
     </span>
     <span class='ocr_line' id='line_1_15' title="bbox 91 982 1614 1037; baseline 0 -14"><span class='ocrx_word' id='word_1_129' title='bbox 91 984 228 1023; x_wconf 90' lang='grc' dir='ltr'><em>τοίνυν</em></span> <span class='ocrx_word' id='word_1_130' title='bbox 272 984 429 1036; x_wconf 82' lang='grc' dir='ltr'><em>μνήμης</em></span> <span class='ocrx_word' id='word_1_131' title='bbox 473 984 641 1036; x_wconf 83' lang='grc' dir='ltr'><em>εἴπωμεν</em></span> <span class='ocrx_word' id='word_1_132' title='bbox 684 983 872 1023; x_wconf 78' lang='grc' dir='ltr'><em>ἐντεῦθεν</em></span> <span class='ocrx_word' id='word_1_133' title='bbox 917 983 1136 1036; x_wconf 74' lang='grc' dir='ltr'><em>ἀρξάμενοι.</em></span> <span class='ocrx_word' id='word_1_134' title='bbox 1194 982 1249 1022; x_wconf 86' lang='lat' dir='ltr'><em>‘H</em></span> <span class='ocrx_word' id='word_1_135' title='bbox 1282 983 1434 1037; x_wconf 77' lang='grc' dir='ltr'><em>τεχνικὴ</em></span> <span class='ocrx_word' id='word_1_136' title='bbox 1479 984 1614 1023; x_wconf 87' lang='grc' dir='ltr'><em>τοίνυν</em></span> 
     </span>
     <span class='ocr_line' id='line_1_16' title="bbox 91 1042 1614 1096; baseline 0.001 -14"><span class='ocrx_word' id='word_1_137' title='bbox 91 1043 225 1095; x_wconf 84' lang='grc' dir='ltr'><em>μνήμη</em></span> <span class='ocrx_word' id='word_1_138' title='bbox 258 1044 480 1083; x_wconf 85' lang='grc' dir='ltr'><em>συνίσταται</em></span> <span class='ocrx_word' id='word_1_139' title='bbox 512 1043 553 1082; x_wconf 80' lang='grc' dir='ltr'><em>ἐκ</em></span> <span class='ocrx_word' id='word_1_140' title='bbox 583 1043 714 1083; x_wconf 90' lang='grc' dir='ltr'><em>τόπων</em></span> <span class='ocrx_word' id='word_1_141' title='bbox 746 1059 784 1082; x_wconf 91' lang='grc' dir='ltr'><em>τε</em></span> <span class='ocrx_word' id='word_1_142' title='bbox 816 1043 881 1083; x_wconf 82' lang='grc' dir='ltr'><em>καὶ</em></span> <span class='ocrx_word' id='word_1_143' title='bbox 920 1044 1094 1083; x_wconf 87' lang='grc' dir='ltr'><em>εἰκόνων.</em></span> <span class='ocrx_word' id='word_1_144' title='bbox 1148 1043 1304 1091; x_wconf 83' lang='grc' dir='ltr'><em>Τόπους</em></span> <span class='ocrx_word' id='word_1_145' title='bbox 1344 1042 1385 1083; x_wconf 78' lang='grc' dir='ltr'><em>δὲ</em></span> <span class='ocrx_word' id='word_1_146' title='bbox 1422 1055 1614 1096; x_wconf 88' lang='grc' dir='ltr'><em>προσαγο-</em></span> 
     </span>
     <span class='ocr_line' id='line_1_17' title="bbox 91 1101 1614 1156; baseline 0 -14"><span class='ocrx_word' id='word_1_147' title='bbox 91 1103 271 1154; x_wconf 89' lang='grc' dir='ltr'><em>ρεύομεν,</em></span> <span class='ocrx_word' id='word_1_148' title='bbox 304 1104 443 1151; x_wconf 76' lang='grc' dir='ltr'><em>οἵτινες</em></span> <span class='ocrx_word' id='word_1_149' title='bbox 475 1102 666 1156; x_wconf 78' lang='grc' dir='ltr'><em>βραχέως,</em></span> <span class='ocrx_word' id='word_1_150' title='bbox 705 1104 875 1151; x_wconf 79' lang='grc' dir='ltr'><em>τελείως,</em></span> <span class='ocrx_word' id='word_1_151' title='bbox 913 1103 1097 1155; x_wconf 74' lang='grc' dir='ltr'><em>ἐμφανῶς</em></span> <span class='ocrx_word' id='word_1_152' title='bbox 1129 1102 1154 1155; x_wconf 71' lang='grc' dir='ltr'>ἢ</span> <span class='ocrx_word' id='word_1_153' title='bbox 1187 1105 1303 1154; x_wconf 81' lang='grc' dir='ltr'><em>φύσει</em></span> <span class='ocrx_word' id='word_1_154' title='bbox 1334 1101 1359 1154; x_wconf 75' lang='grc' dir='ltr'><strong>ἢ</strong></span> <span class='ocrx_word' id='word_1_155' title='bbox 1392 1102 1486 1155; x_wconf 81' lang='grc' dir='ltr'><em>χειρὶ</em></span> <span class='ocrx_word' id='word_1_156' title='bbox 1517 1118 1614 1142; x_wconf 81' lang='grc' dir='ltr'><em>τετε-</em></span> 
     </span>
     <span class='ocr_line' id='line_1_18' title="bbox 91 1161 1615 1218; baseline -0.001 -16"><span class='ocrx_word' id='word_1_157' title='bbox 91 1161 266 1215; x_wconf 88' lang='grc' dir='ltr'><em>λεσμένοι</em></span> <span class='ocrx_word' id='word_1_158' title='bbox 298 1163 410 1214; x_wconf 84' lang='grc' dir='ltr'><em>εἰσίν,</em></span> <span class='ocrx_word' id='word_1_159' title='bbox 442 1162 495 1210; x_wconf 84' lang='grc' dir='ltr'><em>ὡς</em></span> <span class='ocrx_word' id='word_1_160' title='bbox 526 1162 576 1202; x_wconf 69' lang='grc' dir='ltr'><em>ἂν</em></span> <span class='ocrx_word' id='word_1_161' title='bbox 608 1163 754 1218; x_wconf 72' lang='grc' dir='ltr'><em>ῥαδίως</em></span> <span class='ocrx_word' id='word_1_162' title='bbox 786 1163 930 1210; x_wconf 80' lang='grc' dir='ltr'><em>αὐτοὺς</em></span> <span class='ocrx_word' id='word_1_163' title='bbox 963 1170 1111 1218; x_wconf 75' lang='grc' dir='ltr'><em>φυσικῇ</em></span> <span class='ocrx_word' id='word_1_164' title='bbox 1146 1163 1280 1218; x_wconf 79' lang='grc' dir='ltr'><em>μνήμῃ</em></span> <span class='ocrx_word' id='word_1_165' title='bbox 1314 1164 1519 1214; x_wconf 83' lang='grc' dir='ltr'><em>συλλαβεῖν</em></span> <span class='ocrx_word' id='word_1_166' title='bbox 1550 1162 1615 1201; x_wconf 81' lang='grc' dir='ltr'><em>καὶ</em></span> 
     </span>
     <span class='ocr_line' id='line_1_19' title="bbox 89 1219 1615 1295; baseline -0.001 -34"><span class='ocrx_word' id='word_1_167' title='bbox 89 1221 311 1274; x_wconf 85' lang='grc' dir='ltr'><em>περιπλέξαι</em></span> <span class='ocrx_word' id='word_1_168' title='bbox 349 1223 639 1295; x_wconf 75' lang='grc' dir='ltr'><em>δυνηθείημεν,</em></span> <span class='ocrx_word' id='word_1_169' title='bbox 679 1219 762 1262; x_wconf 82' lang='grc' dir='ltr'><em>οἷον</em></span> <span class='ocrx_word' id='word_1_170' title='bbox 801 1222 956 1274; x_wconf 76' lang='grc' dir='ltr'><em>βωμόν,</em></span> <span class='ocrx_word' id='word_1_171' title='bbox 993 1223 1218 1273; x_wconf 80' lang='grc' dir='ltr'><em>ἐπίστυλον,</em></span> <span class='ocrx_word' id='word_1_172' title='bbox 1255 1223 1403 1275; x_wconf 88' lang='grc' dir='ltr'><em>γωνίαν</em></span> <span class='ocrx_word' id='word_1_173' title='bbox 1441 1221 1506 1261; x_wconf 86' lang='grc' dir='ltr'><em>καὶ</em></span> <span class='ocrx_word' id='word_1_174' title='bbox 1544 1222 1615 1261; x_wconf 76' lang='grc' dir='ltr'><em>ὅσα</em></span> 
     </span>
     <span class='ocr_line' id='line_1_20' title="bbox 90 1280 1614 1335; baseline 0 -14"><span class='ocrx_word' id='word_1_175' title='bbox 90 1280 186 1321; x_wconf 79' lang='grc' dir='ltr'><em>άλλα</em></span> <span class='ocrx_word' id='word_1_176' title='bbox 216 1283 369 1329; x_wconf 85' lang='grc' dir='ltr'><em>τούτοις</em></span> <span class='ocrx_word' id='word_1_177' title='bbox 401 1282 498 1322; x_wconf 84' lang='grc' dir='ltr'><em>εἰσὶν</em></span> <span class='ocrx_word' id='word_1_178' title='bbox 532 1282 658 1334; x_wconf 85' lang='grc' dir='ltr'><em>όμοια.</em></span> <span class='ocrx_word' id='word_1_179' title='bbox 708 1282 883 1329; x_wconf 84' lang='grc' dir='ltr'><em>Εἰκοιας</em></span> <span class='ocrx_word' id='word_1_180' title='bbox 917 1281 956 1321; x_wconf 82' lang='grc' dir='ltr'><em>δὲ</em></span> <span class='ocrx_word' id='word_1_181' title='bbox 989 1281 1148 1335; x_wconf 82' lang='grc' dir='ltr'><em>λέγομεν</em></span> <span class='ocrx_word' id='word_1_182' title='bbox 1188 1282 1343 1334; x_wconf 82' lang='grc' dir='ltr'><em>μορφάς</em></span> <span class='ocrx_word' id='word_1_183' title='bbox 1375 1297 1482 1329; x_wconf 90' lang='grc' dir='ltr'><em>τινας</em></span> <span class='ocrx_word' id='word_1_184' title='bbox 1513 1298 1614 1334; x_wconf 83' lang='grc' dir='ltr'><em>γνω-</em></span> 
     </span>
     <span class='ocr_line' id='line_1_21' title="bbox 90 1337 1615 1395; baseline -0.001 -14"><span class='ocrx_word' id='word_1_185' title='bbox 90 1343 230 1395; x_wconf 91' lang='grc' dir='ltr'><em>ρίμους</em></span> <span class='ocrx_word' id='word_1_186' title='bbox 267 1341 332 1382; x_wconf 84' lang='grc' dir='ltr'><em>καὶ</em></span> <span class='ocrx_word' id='word_1_187' title='bbox 369 1342 510 1382; x_wconf 80' lang='grc' dir='ltr'><em>είδωλα</em></span> <span class='ocrx_word' id='word_1_188' title='bbox 546 1341 698 1382; x_wconf 80' lang='grc' dir='ltr'><em>ἐκείνου</em></span> <span class='ocrx_word' id='word_1_189' title='bbox 736 1349 804 1381; x_wconf 79' lang='grc' dir='ltr'><em>τοῦ</em></span> <span class='ocrx_word' id='word_1_190' title='bbox 843 1342 1088 1395; x_wconf 42' lang='grc' dir='ltr'><em>πράγματος,</em></span> <span class='ocrx_word' id='word_1_191' title='bbox 1127 1337 1175 1382; x_wconf 75' lang='grc' dir='ltr'><em>οἶ</em></span> <span class='ocrx_word' id='word_1_192' title='bbox 1214 1346 1444 1394; x_wconf 75' lang='grc' dir='ltr'><em>μνησθῇ-ναι</em></span> <span class='ocrx_word' id='word_1_193' title='bbox 1475 1341 1615 1393; x_wconf 87' lang='grc' dir='ltr'><em>βουλό-</em></span> 
     </span>
     <span class='ocr_line' id='line_1_22' title="bbox 90 1400 1614 1454; baseline -0.001 -14"><span class='ocrx_word' id='word_1_194' title='bbox 90 1406 207 1453; x_wconf 89' lang='grc' dir='ltr'><em>μεθα,</em></span> <span class='ocrx_word' id='word_1_195' title='bbox 239 1400 291 1449; x_wconf 82' lang='grc' dir='ltr'><em>ὡς</em></span> <span class='ocrx_word' id='word_1_196' title='bbox 324 1401 459 1453; x_wconf 88' lang='grc' dir='ltr'><em>ι’ππον,</em></span> <span class='ocrx_word' id='word_1_197' title='bbox 491 1400 640 1448; x_wconf 75' lang='grc' dir='ltr'><em>λέοντα,</em></span> <span class='ocrx_word' id='word_1_198' title='bbox 673 1400 785 1440; x_wconf 80' lang='grc' dir='ltr'><em>ἀετὸν</em></span> <span class='ocrx_word' id='word_1_199' title='bbox 816 1417 882 1441; x_wconf 91' lang='grc' dir='ltr'><em>και</em></span> <span class='ocrx_word' id='word_1_200' title='bbox 914 1418 957 1440; x_wconf 89' lang='grc' dir='ltr'><em>τα</em></span> <span class='ocrx_word' id='word_1_201' title='bbox 991 1402 1119 1454; x_wconf 81' lang='grc' dir='ltr'><em>όιιοια,</em></span> <span class='ocrx_word' id='word_1_202' title='bbox 1151 1403 1205 1441; x_wconf 85' lang='grc' dir='ltr'><em>ὡν</em></span> <span class='ocrx_word' id='word_1_203' title='bbox 1238 1418 1287 1440; x_wconf 80' lang='grc' dir='ltr'><em>αν</em></span> <span class='ocrx_word' id='word_1_204' title='bbox 1315 1403 1387 1441; x_wconf 79' lang='grc' dir='ltr'><em>οὗν</em></span> <span class='ocrx_word' id='word_1_205' title='bbox 1420 1400 1614 1452; x_wconf 84' lang='grc' dir='ltr'><em>εθέλωμεν</em></span> 
     </span>
     <span class='ocr_line' id='line_1_23' title="bbox 91 1459 1613 1514; baseline -0.001 -14"><span class='ocrx_word' id='word_1_206' title='bbox 91 1461 252 1513; x_wconf 83' lang='grc' dir='ltr'><em>μνήμην</em></span> <span class='ocrx_word' id='word_1_207' title='bbox 284 1460 401 1514; x_wconf 90' lang='grc' dir='ltr'><em>ε’χειν,</em></span> <span class='ocrx_word' id='word_1_208' title='bbox 439 1461 484 1500; x_wconf 82' lang='grc' dir='ltr'><em>τὰ</em></span> <span class='ocrx_word' id='word_1_209' title='bbox 516 1461 656 1501; x_wconf 80' lang='grc' dir='ltr'><em>εἴδωλα</em></span> <span class='ocrx_word' id='word_1_210' title='bbox 691 1461 820 1500; x_wconf 68' lang='grc' dir='ltr'><em>αἰτῶν</em></span> <span class='ocrx_word' id='word_1_211' title='bbox 852 1460 894 1500; x_wconf 82' lang='grc' dir='ltr'><em>ἕν</em></span> <span class='ocrx_word' id='word_1_212' title='bbox 928 1461 1060 1508; x_wconf 88' lang='grc' dir='ltr'><em>τόποις</em></span> <span class='ocrx_word' id='word_1_213' title='bbox 1093 1461 1167 1500; x_wconf 83' lang='grc' dir='ltr'><em>τισὶ</em></span> <span class='ocrx_word' id='word_1_214' title='bbox 1199 1462 1393 1513; x_wconf 78' lang='grc' dir='ltr'><em>βεβαίοις,</em></span> <span class='ocrx_word' id='word_1_215' title='bbox 1426 1459 1477 1507; x_wconf 81' lang='grc' dir='ltr'><em>ὡς</em></span> <span class='ocrx_word' id='word_1_216' title='bbox 1510 1461 1613 1512; x_wconf 78' lang='grc' dir='ltr'><em>εἴρη-</em></span> 
     </span>
     <span class='ocr_line' id='line_1_24' title="bbox 89 1518 1614 1574; baseline -0.001 -14"><span class='ocrx_word' id='word_1_217' title='bbox 89 1537 164 1572; x_wconf 87' lang='grc' dir='ltr'><em>ται,</em></span> <span class='ocrx_word' id='word_1_218' title='bbox 191 1528 416 1572; x_wconf 82' lang='grc' dir='ltr'><em>συσκηνοῦν</em></span> <span class='ocrx_word' id='word_1_219' title='bbox 436 1520 502 1560; x_wconf 82' lang='grc' dir='ltr'><em>καὶ</em></span> <span class='ocrx_word' id='word_1_220' title='bbox 520 1520 716 1574; x_wconf 81' lang='grc' dir='ltr'><em>ἐνιδρύειν</em></span> <span class='ocrx_word' id='word_1_221' title='bbox 743 1518 962 1572; x_wconf 85' lang='grc' dir='ltr'><em>ὀφείλομεν.</em></span> <span class='ocrx_word' id='word_1_222' title='bbox 1004 1518 1115 1559; x_wconf 79' lang='grc' dir='ltr'><em>Ἀλλὰ</em></span> <span class='ocrx_word' id='word_1_223' title='bbox 1143 1528 1218 1560; x_wconf 49' lang='grc' dir='ltr'><em>’νῦν</em></span> <span class='ocrx_word' id='word_1_224' title='bbox 1243 1519 1335 1571; x_wconf 66' lang='grc' dir='ltr'><em>ἤδη,</em></span> <span class='ocrx_word' id='word_1_225' title='bbox 1361 1520 1426 1559; x_wconf 82' lang='grc' dir='ltr'><em>καὶ</em></span> <span class='ocrx_word' id='word_1_226' title='bbox 1453 1518 1614 1567; x_wconf 80' lang='grc' dir='ltr'><em>ὁποίους</em></span> 
     </span>
     <span class='ocr_line' id='line_1_25' title="bbox 89 1575 1614 1633; baseline -0.001 -13"><span class='ocrx_word' id='word_1_227' title='bbox 89 1579 199 1628; x_wconf 79' lang='grc' dir='ltr'><em>τινὰς</em></span> <span class='ocrx_word' id='word_1_228' title='bbox 230 1580 374 1628; x_wconf 90' lang='grc' dir='ltr'><em>τόπους</em></span> <span class='ocrx_word' id='word_1_229' title='bbox 405 1580 599 1633; x_wconf 81' lang='grc' dir='ltr'><em>εὑρίσκειν</em></span> <span class='ocrx_word' id='word_1_230' title='bbox 630 1580 696 1620; x_wconf 86' lang='grc' dir='ltr'><em>καὶ</em></span> <span class='ocrx_word' id='word_1_231' title='bbox 729 1580 834 1627; x_wconf 79' lang='grc' dir='ltr'><em>ὅπως</em></span> <span class='ocrx_word' id='word_1_232' title='bbox 862 1581 1023 1627; x_wconf 81' lang='grc' dir='ltr'><em>τούτους</em></span> <span class='ocrx_word' id='word_1_233' title='bbox 1050 1582 1175 1631; x_wconf 81' lang='grc' dir='ltr'><em>ζητεῖν</em></span> <span class='ocrx_word' id='word_1_234' title='bbox 1201 1580 1266 1620; x_wconf 82' lang='grc' dir='ltr'><em>καὶ</em></span> <span class='ocrx_word' id='word_1_235' title='bbox 1292 1575 1414 1627; x_wconf 70' lang='grc' dir='ltr'><em>αὖθις</em></span> <span class='ocrx_word' id='word_1_236' title='bbox 1441 1579 1546 1626; x_wconf 80' lang='grc' dir='ltr'><em>ὅπως</em></span> <span class='ocrx_word' id='word_1_237' title='bbox 1573 1579 1614 1619; x_wconf 83' lang='grc' dir='ltr'><em>ἐν</em></span> 
     </span>
     <span class='ocr_line' id='line_1_26' title="bbox 89 1639 1529 1694; baseline -0.001 -14"><span class='ocrx_word' id='word_1_238' title='bbox 89 1644 171 1688; x_wconf 86' lang='grc' dir='ltr'><em>τοῖς</em></span> <span class='ocrx_word' id='word_1_239' title='bbox 202 1640 398 1693; x_wconf 80' lang='grc' dir='ltr'><em>εὑρεθεῖσι</em></span> <span class='ocrx_word' id='word_1_240' title='bbox 429 1640 562 1688; x_wconf 87' lang='grc' dir='ltr'><em>τόποις</em></span> <span class='ocrx_word' id='word_1_241' title='bbox 593 1639 662 1688; x_wconf 79' lang='grc' dir='ltr'><em>τὰς</em></span> <span class='ocrx_word' id='word_1_242' title='bbox 695 1639 849 1687; x_wconf 86' lang='grc' dir='ltr'><em>εἰκόνας</em></span> <span class='ocrx_word' id='word_1_243' title='bbox 881 1639 1117 1694; x_wconf 80' lang='grc' dir='ltr'><em>ἐγκαθιστᾶν</em></span> <span class='ocrx_word' id='word_1_244' title='bbox 1151 1640 1228 1691; x_wconf 85' lang='grc' dir='ltr'><em>δεῖ,</em></span> <span class='ocrx_word' id='word_1_245' title='bbox 1260 1639 1529 1691; x_wconf 78' lang='grc' dir='ltr'><em>ὑποδείξομεν.</em></span> 
     </span>
    </p>
   </div>
   <div class='ocr_carea' id='block_1_4' title="bbox 206 1709 1615 1766">
    <p class='ocr_par' dir='ltr' id='par_1_4' title="bbox 206 1709 1615 1766">
     <span class='ocr_line' id='line_1_27' title="bbox 206 1709 1615 1766; baseline -0.001 -14"><span class='ocrx_word' id='word_1_246' title='bbox 206 1709 345 1752; x_wconf 83' lang='lat' dir='ltr'>XVII.</span> <span class='ocrx_word' id='word_1_247' title='bbox 382 1710 534 1766; x_wconf 63' lang='grc' dir='ltr'><em>’Ὠσπερ</em></span> <span class='ocrx_word' id='word_1_248' title='bbox 572 1712 708 1752; x_wconf 85' lang='grc' dir='ltr'><em>τοίνυν</em></span> <span class='ocrx_word' id='word_1_249' title='bbox 746 1712 787 1752; x_wconf 82' lang='grc' dir='ltr'><em>οἱ</em></span> <span class='ocrx_word' id='word_1_250' title='bbox 819 1712 1024 1765; x_wconf 89' lang='grc' dir='ltr'><em>γράμματα</em></span> <span class='ocrx_word' id='word_1_251' title='bbox 1061 1711 1204 1758; x_wconf 86' lang='grc' dir='ltr'><em>εἰδότες</em></span> <span class='ocrx_word' id='word_1_252' title='bbox 1241 1710 1306 1751; x_wconf 85' lang='grc' dir='ltr'><em>καὶ</em></span> <span class='ocrx_word' id='word_1_253' title='bbox 1344 1710 1389 1750; x_wconf 83' lang='grc' dir='ltr'><em>τὰ</em></span> <span class='ocrx_word' id='word_1_254' title='bbox 1430 1711 1615 1764; x_wconf 87' lang='grc' dir='ltr'><em>λεγόμενα</em></span> 
     </span>
    </p>
   </div>
   <div class='ocr_carea' id='block_1_5' title="bbox 88 1770 1619 1826">
    <p class='ocr_par' dir='ltr' id='par_1_5' title="bbox 88 1770 1619 1826">
     <span class='ocr_line' id='line_1_28' title="bbox 88 1770 1619 1826; baseline -0.001 -15"><span class='ocrx_word' id='word_1_255' title='bbox 88 1772 254 1825; x_wconf 88' lang='grc' dir='ltr'><em>γράφειν</em></span> <span class='ocrx_word' id='word_1_256' title='bbox 291 1771 357 1812; x_wconf 86' lang='grc' dir='ltr'><em>καὶ</em></span> <span class='ocrx_word' id='word_1_257' title='bbox 394 1772 439 1812; x_wconf 75' lang='grc' dir='ltr'><em>τὰ</em></span> <span class='ocrx_word' id='word_1_258' title='bbox 476 1772 706 1826; x_wconf 87' lang='grc' dir='ltr'><em>γραφόμενα</em></span> <span class='ocrx_word' id='word_1_259' title='bbox 749 1770 1031 1825; x_wconf 80' lang='grc' dir='ltr'><em>ἀναγινώσκειν</em></span> <span class='ocrx_word' id='word_1_260' title='bbox 1071 1772 1279 1811; x_wconf 85' lang='grc' dir='ltr'><em>δύνανται·</em></span> <span class='ocrx_word' id='word_1_261' title='bbox 1326 1771 1426 1811; x_wconf 69' lang='grc' dir='ltr'><em>οὕτω</em></span> <span class='ocrx_word' id='word_1_262' title='bbox 1470 1770 1535 1809; x_wconf 82' lang='grc' dir='ltr'><em>καὶ</em></span> <span class='ocrx_word' id='word_1_263' title='bbox 1579 1771 1619 1810; x_wconf 83' lang='grc' dir='ltr'><em>οἱ</em></span> 
     </span>
    </p>
   </div>
   <div class='ocr_carea' id='block_1_6' title="bbox 88 1830 1614 2789">
    <p class='ocr_par' dir='ltr' id='par_1_6' title="bbox 88 1830 1614 2542">
     <span class='ocr_line' id='line_1_29' title="bbox 89 1830 1614 1884; baseline -0.001 -14"><span class='ocrx_word' id='word_1_264' title='bbox 89 1831 161 1870; x_wconf 74' lang='grc' dir='ltr'><em>ὅσα</em></span> <span class='ocrx_word' id='word_1_265' title='bbox 191 1830 242 1871; x_wconf 67' lang='grc' dir='ltr'><em>ἄν</em></span> <span class='ocrx_word' id='word_1_266' title='bbox 274 1848 330 1880; x_wconf 90' lang='grc' dir='ltr'><em>τις</em></span> <span class='ocrx_word' id='word_1_267' title='bbox 362 1832 464 1872; x_wconf 83' lang='grc' dir='ltr'><em>εἴποι</em></span> <span class='ocrx_word' id='word_1_268' title='bbox 494 1835 651 1871; x_wconf 86' lang='grc' dir='ltr'><em>πλεῖστα</em></span> <span class='ocrx_word' id='word_1_269' title='bbox 682 1831 971 1884; x_wconf 87' lang='grc' dir='ltr'><em>μεμαθηκότες,</em></span> <span class='ocrx_word' id='word_1_270' title='bbox 1003 1831 1027 1870; x_wconf 71' lang='grc' dir='ltr'><em>ἃ</em></span> <span class='ocrx_word' id='word_1_271' title='bbox 1059 1830 1232 1883; x_wconf 74' lang='grc' dir='ltr'><em>ἔμαθον,</em></span> <span class='ocrx_word' id='word_1_272' title='bbox 1268 1830 1311 1870; x_wconf 79' lang='grc' dir='ltr'><em>ἐν</em></span> <span class='ocrx_word' id='word_1_273' title='bbox 1348 1830 1482 1877; x_wconf 90' lang='grc' dir='ltr'><em>τόποις</em></span> <span class='ocrx_word' id='word_1_274' title='bbox 1520 1843 1614 1869; x_wconf 36' lang='grc' dir='ltr'><em>συν*</em></span> 
     </span>
     <span class='ocr_line' id='line_1_30' title="bbox 89 1888 1614 1944; baseline -0.001 -14"><span class='ocrx_word' id='word_1_275' title='bbox 89 1892 240 1944; x_wconf 88' lang='grc' dir='ltr'><em>ιδρύειν</em></span> <span class='ocrx_word' id='word_1_276' title='bbox 268 1892 457 1932; x_wconf 88' lang='grc' dir='ltr'><em>δύνανται</em></span> <span class='ocrx_word' id='word_1_277' title='bbox 488 1891 553 1931; x_wconf 83' lang='grc' dir='ltr'><em>καὶ</em></span> <span class='ocrx_word' id='word_1_278' title='bbox 578 1891 616 1940; x_wconf 82' lang='grc' dir='ltr'><em>ἔξ</em></span> <span class='ocrx_word' id='word_1_279' title='bbox 644 1890 803 1931; x_wconf 78' lang='grc' dir='ltr'><em>ἐκείνων</em></span> <span class='ocrx_word' id='word_1_280' title='bbox 837 1897 1156 1943; x_wconf 88' lang='grc' dir='ltr'><em>μνημονευτικῶς</em></span> <span class='ocrx_word' id='word_1_281' title='bbox 1188 1889 1411 1943; x_wconf 88' lang='grc' dir='ltr'><em>προφέρειν.</em></span> <span class='ocrx_word' id='word_1_282' title='bbox 1470 1890 1522 1929; x_wconf 82' lang='grc' dir='ltr'><em>Οἵ</em></span> <span class='ocrx_word' id='word_1_283' title='bbox 1545 1888 1614 1941; x_wconf 80' lang='grc' dir='ltr'><em>μὲν</em></span> 
     </span>
     <span class='ocr_line' id='line_1_31' title="bbox 88 1948 1614 2005; baseline -0.002 -14"><span class='ocrx_word' id='word_1_284' title='bbox 88 1950 162 2004; x_wconf 81' lang='grc' dir='ltr'><em>γὰρ</em></span> <span class='ocrx_word' id='word_1_285' title='bbox 192 1951 305 1991; x_wconf 87' lang='grc' dir='ltr'><em>τόποι</em></span> <span class='ocrx_word' id='word_1_286' title='bbox 334 1952 485 2005; x_wconf 89' lang='grc' dir='ltr'><em>κηρίοις</em></span> <span class='ocrx_word' id='word_1_287' title='bbox 516 1951 582 1991; x_wconf 86' lang='grc' dir='ltr'><em>καὶ</em></span> <span class='ocrx_word' id='word_1_288' title='bbox 613 1952 769 2004; x_wconf 91' lang='grc' dir='ltr'><em>χάρταις</em></span> <span class='ocrx_word' id='word_1_289' title='bbox 802 1949 1025 2003; x_wconf 83' lang='grc' dir='ltr'><em>ὅμοιότατοί</em></span> <span class='ocrx_word' id='word_1_290' title='bbox 1054 1951 1169 1990; x_wconf 88' lang='grc' dir='ltr'><em>εἰσιν·</em></span> <span class='ocrx_word' id='word_1_291' title='bbox 1209 1951 1252 1989; x_wconf 81' lang='grc' dir='ltr'><em>αἱ</em></span> <span class='ocrx_word' id='word_1_292' title='bbox 1280 1948 1321 1989; x_wconf 79' lang='grc' dir='ltr'><em>δὲ</em></span> <span class='ocrx_word' id='word_1_293' title='bbox 1354 1949 1501 1996; x_wconf 87' lang='grc' dir='ltr'><em>εἰκόνες</em></span> <span class='ocrx_word' id='word_1_294' title='bbox 1533 1954 1614 1996; x_wconf 82' lang='grc' dir='ltr'><em>τοῖς</em></span> 
     </span>
     <span class='ocr_line' id='line_1_32' title="bbox 88 2008 1614 2063; baseline -0.003 -12"><span class='ocrx_word' id='word_1_295' title='bbox 88 2011 328 2063; x_wconf 85' lang='grc' dir='ltr'><em>γράμμασιν·</em></span> <span class='ocrx_word' id='word_1_296' title='bbox 359 2009 385 2062; x_wconf 71' lang='grc' dir='ltr'><em>’ἡ</em></span> <span class='ocrx_word' id='word_1_297' title='bbox 419 2009 460 2051; x_wconf 82' lang='grc' dir='ltr'><em>δὲ</em></span> <span class='ocrx_word' id='word_1_298' title='bbox 491 2017 568 2050; x_wconf 88' lang='grc' dir='ltr'><em>τῶν</em></span> <span class='ocrx_word' id='word_1_299' title='bbox 600 2011 765 2050; x_wconf 86' lang='grc' dir='ltr'><em>εἰκόνων</em></span> <span class='ocrx_word' id='word_1_300' title='bbox 797 2011 901 2059; x_wconf 81' lang='grc' dir='ltr'><em>τάξις</em></span> <span class='ocrx_word' id='word_1_301' title='bbox 934 2026 972 2049; x_wconf 91' lang='grc' dir='ltr'><em>τε</em></span> <span class='ocrx_word' id='word_1_302' title='bbox 1003 2010 1068 2050; x_wconf 79' lang='grc' dir='ltr'><em>καὶ</em></span> <span class='ocrx_word' id='word_1_303' title='bbox 1099 2010 1336 2063; x_wconf 89' lang='grc' dir='ltr'><em>καθίδρυσις</em></span> <span class='ocrx_word' id='word_1_304' title='bbox 1368 2008 1420 2056; x_wconf 83' lang='grc' dir='ltr'><em>ὡς</em></span> <span class='ocrx_word' id='word_1_305' title='bbox 1453 2010 1614 2060; x_wconf 81' lang='grc' dir='ltr'><em>μάλιστα</em></span> 
     </span>
     <span class='ocr_line' id='line_1_33' title="bbox 90 2067 1613 2127; baseline -0.002 -17"><span class='ocrx_word' id='word_1_306' title='bbox 90 2077 134 2125; x_wconf 76' lang='grc' dir='ltr'><em>τῇ</em></span> <span class='ocrx_word' id='word_1_307' title='bbox 165 2078 316 2127; x_wconf 78' lang='grc' dir='ltr'><em>γραφῇ·</em></span> <span class='ocrx_word' id='word_1_308' title='bbox 348 2069 372 2122; x_wconf 79' lang='grc' dir='ltr'>ἡ</span> <span class='ocrx_word' id='word_1_309' title='bbox 407 2069 448 2110; x_wconf 83' lang='grc' dir='ltr'><em>δὲ</em></span> <span class='ocrx_word' id='word_1_310' title='bbox 479 2070 663 2123; x_wconf 75' lang='grc' dir='ltr'><em>προφορὰ</em></span> <span class='ocrx_word' id='word_1_311' title='bbox 693 2077 739 2125; x_wconf 76' lang='grc' dir='ltr'><em>τῇ</em></span> <span class='ocrx_word' id='word_1_312' title='bbox 772 2069 1000 2123; x_wconf 79' lang='grc' dir='ltr'><em>ἀναγνώσει.</em></span> <span class='ocrx_word' id='word_1_313' title='bbox 1050 2072 1126 2108; x_wconf 86' lang='grc' dir='ltr'><em>Δεῖ</em></span> <span class='ocrx_word' id='word_1_314' title='bbox 1151 2076 1263 2122; x_wconf 86' lang='grc' dir='ltr'><em>γοῦν,</em></span> <span class='ocrx_word' id='word_1_315' title='bbox 1295 2067 1344 2108; x_wconf 72' lang='grc' dir='ltr'><em>ἂν</em></span> <span class='ocrx_word' id='word_1_316' title='bbox 1377 2069 1613 2121; x_wconf 86' lang='grc' dir='ltr'><em>βουλώμεθα</em></span> 
     </span>
     <span class='ocr_line' id='line_1_34' title="bbox 88 2127 1614 2182; baseline -0.001 -14"><span class='ocrx_word' id='word_1_317' title='bbox 88 2132 243 2169; x_wconf 87' lang='grc' dir='ltr'><em>πολλῶν</em></span> <span class='ocrx_word' id='word_1_318' title='bbox 275 2131 551 2182; x_wconf 84' lang='grc' dir='ltr'><em>μνημονεύειν,</em></span> <span class='ocrx_word' id='word_1_319' title='bbox 581 2129 647 2169; x_wconf 84' lang='grc' dir='ltr'><em>καὶ</em></span> <span class='ocrx_word' id='word_1_320' title='bbox 678 2130 846 2176; x_wconf 82' lang='grc' dir='ltr'><em>πολλοὺς</em></span> <span class='ocrx_word' id='word_1_321' title='bbox 877 2129 1023 2176; x_wconf 87' lang='grc' dir='ltr'><em>τόπους</em></span> <span class='ocrx_word' id='word_1_322' title='bbox 1054 2127 1150 2181; x_wconf 79' lang='grc' dir='ltr'><em>ἡμῖν</em></span> <span class='ocrx_word' id='word_1_323' title='bbox 1183 2128 1316 2175; x_wconf 81' lang='grc' dir='ltr'><em>αὐτοῖς</em></span> <span class='ocrx_word' id='word_1_324' title='bbox 1349 2128 1614 2179; x_wconf 86' lang='grc' dir='ltr'><em>συσκευάζειν,</em></span> 
     </span>
     <span class='ocr_line' id='line_1_35' title="bbox 90 2186 1614 2241; baseline -0.001 -13"><span class='ocrx_word' id='word_1_325' title='bbox 90 2187 143 2236; x_wconf 79' lang='grc' dir='ltr'><em>ὥς</em></span> <span class='ocrx_word' id='word_1_326' title='bbox 174 2188 225 2228; x_wconf 73' lang='grc' dir='ltr'><em>ἂν</em></span> <span class='ocrx_word' id='word_1_327' title='bbox 257 2186 318 2228; x_wconf 75' lang='grc' dir='ltr'><em>ἐπ’</em></span> <span class='ocrx_word' id='word_1_328' title='bbox 342 2189 471 2229; x_wconf 83' lang='grc' dir='ltr'><em>αὐτῶν</em></span> <span class='ocrx_word' id='word_1_329' title='bbox 502 2196 579 2229; x_wconf 85' lang='grc' dir='ltr'><em>τῶν</em></span> <span class='ocrx_word' id='word_1_330' title='bbox 609 2193 763 2229; x_wconf 89' lang='grc' dir='ltr'><em>πολλῶν</em></span> <span class='ocrx_word' id='word_1_331' title='bbox 794 2188 924 2228; x_wconf 91' lang='grc' dir='ltr'><em>τόπων</em></span> <span class='ocrx_word' id='word_1_332' title='bbox 963 2188 1108 2236; x_wconf 81' lang='grc' dir='ltr'><em>πολλὰς</em></span> <span class='ocrx_word' id='word_1_333' title='bbox 1145 2188 1423 2241; x_wconf 78' lang='grc' dir='ltr'><em>ἐγκαθιδρύειν</em></span> <span class='ocrx_word' id='word_1_334' title='bbox 1461 2187 1614 2235; x_wconf 83' lang='grc' dir='ltr'><em>εἰκόνας</em></span> 
     </span>
     <span class='ocr_line' id='line_1_36' title="bbox 89 2245 1614 2301; baseline -0.001 -13"><span class='ocrx_word' id='word_1_335' title='bbox 89 2245 169 2288; x_wconf 93' lang='grc' dir='ltr'><em>οιοί</em></span> <span class='ocrx_word' id='word_1_336' title='bbox 201 2264 240 2288; x_wconf 87' lang='grc' dir='ltr'><em>τε</em></span> <span class='ocrx_word' id='word_1_337' title='bbox 278 2245 391 2301; x_wconf 80' lang='grc' dir='ltr'><em>ὦμεν.</em></span> <span class='ocrx_word' id='word_1_338' title='bbox 432 2246 520 2289; x_wconf 77' lang='grc' dir='ltr'><em>’Έτι</em></span> <span class='ocrx_word' id='word_1_339' title='bbox 550 2250 760 2301; x_wconf 82' lang='grc' dir='ltr'><em>νομίζομεν</em></span> <span class='ocrx_word' id='word_1_340' title='bbox 797 2249 881 2288; x_wconf 91' lang='grc' dir='ltr'><em>δεῖν</em></span> <span class='ocrx_word' id='word_1_341' title='bbox 918 2247 1016 2288; x_wconf 80' lang='grc' dir='ltr'><em>κατὰ</em></span> <span class='ocrx_word' id='word_1_342' title='bbox 1052 2248 1161 2296; x_wconf 88' lang='grc' dir='ltr'><em>τάξιν</em></span> <span class='ocrx_word' id='word_1_343' title='bbox 1194 2247 1293 2300; x_wconf 86' lang='grc' dir='ltr'><em>ε’χειν</em></span> <span class='ocrx_word' id='word_1_344' title='bbox 1324 2248 1489 2294; x_wconf 88' lang='grc' dir='ltr'><em>τούτους</em></span> <span class='ocrx_word' id='word_1_345' title='bbox 1520 2262 1614 2294; x_wconf 90' lang='grc' dir='ltr'><em>τους</em></span> 
     </span>
     <span class='ocr_line' id='line_1_37' title="bbox 88 2305 1614 2361; baseline -0.001 -14"><span class='ocrx_word' id='word_1_346' title='bbox 88 2307 252 2360; x_wconf 85' lang='grc' dir='ltr'><em>τόπους,</em></span> <span class='ocrx_word' id='word_1_347' title='bbox 291 2309 357 2348; x_wconf 79' lang='grc' dir='ltr'><em>ἴνα</em></span> <span class='ocrx_word' id='word_1_348' title='bbox 388 2324 536 2361; x_wconf 85' lang='grc' dir='ltr'><em>μηποτε</em></span> <span class='ocrx_word' id='word_1_349' title='bbox 566 2315 636 2360; x_wconf 82' lang='grc' dir='ltr'><em>τῆς</em></span> <span class='ocrx_word' id='word_1_350' title='bbox 667 2309 809 2356; x_wconf 82' lang='grc' dir='ltr'><em>τάξεως</em></span> <span class='ocrx_word' id='word_1_351' title='bbox 846 2307 1068 2359; x_wconf 81' lang='grc' dir='ltr'><em>ἐκπέσωμεν</em></span> <span class='ocrx_word' id='word_1_352' title='bbox 1101 2306 1382 2360; x_wconf 90' lang='grc' dir='ltr'><em>συγχυθέντες,</em></span> <span class='ocrx_word' id='word_1_353' title='bbox 1420 2305 1516 2345; x_wconf 77' lang='grc' dir='ltr'><em>ἀλλὰ</em></span> <span class='ocrx_word' id='word_1_354' title='bbox 1547 2306 1614 2353; x_wconf 77' lang='grc' dir='ltr'><em>τὰς</em></span> 
     </span>
     <span class='ocr_line' id='line_1_38' title="bbox 88 2365 1614 2439; baseline -0.001 -32"><span class='ocrx_word' id='word_1_355' title='bbox 88 2367 256 2420; x_wconf 88' lang='grc' dir='ltr'><em>εἰκόνας,</em></span> <span class='ocrx_word' id='word_1_356' title='bbox 289 2369 385 2408; x_wconf 80' lang='grc' dir='ltr'><em>ὅθεν</em></span> <span class='ocrx_word' id='word_1_357' title='bbox 413 2370 486 2409; x_wconf 85' lang='grc' dir='ltr'><em>οὐν</em></span> <span class='ocrx_word' id='word_1_358' title='bbox 510 2367 607 2420; x_wconf 87' lang='grc' dir='ltr'><em>ημῖν</em></span> <span class='ocrx_word' id='word_1_359' title='bbox 634 2367 798 2420; x_wconf 81' lang='grc' dir='ltr'><em>ἀρέσκει,</em></span> <span class='ocrx_word' id='word_1_360' title='bbox 829 2365 985 2420; x_wconf 63' lang='lat' dir='ltr'><strong>†tchv</strong></span> <span class='ocrx_word' id='word_1_361' title='bbox 971 2366 1101 2420; x_wconf 85' lang='grc' dir='ltr'><em>α’κρων</em></span> <span class='ocrx_word' id='word_1_362' title='bbox 1128 2382 1277 2420; x_wconf 91' lang='grc' dir='ltr'><em>εχοντες</em></span> <span class='ocrx_word' id='word_1_363' title='bbox 1309 2366 1513 2439; x_wconf 88' lang='grc' dir='ltr'><em>επομένας,</em></span> <span class='ocrx_word' id='word_1_364' title='bbox 1545 2367 1614 2405; x_wconf 88' lang='grc' dir='ltr'><em>δυ-</em></span> 
     </span>
     <span class='ocr_line' id='line_1_39' title="bbox 91 2425 1612 2481; baseline -0.002 -13"><span class='ocrx_word' id='word_1_365' title='bbox 91 2428 305 2480; x_wconf 86' lang='grc' dir='ltr'><em>νησώμεθα</em></span> <span class='ocrx_word' id='word_1_366' title='bbox 336 2444 382 2468; x_wconf 85' lang='grc' dir='ltr'><em>τα</em></span> <span class='ocrx_word' id='word_1_367' title='bbox 413 2427 754 2481; x_wconf 88' lang='grc' dir='ltr'><em>παραπεμφθέντα</em></span> <span class='ocrx_word' id='word_1_368' title='bbox 784 2432 865 2475; x_wconf 91' lang='grc' dir='ltr'><em>τοῖς</em></span> <span class='ocrx_word' id='word_1_369' title='bbox 899 2427 1033 2475; x_wconf 87' lang='grc' dir='ltr'><em>τόποις</em></span> <span class='ocrx_word' id='word_1_370' title='bbox 1065 2426 1221 2480; x_wconf 86' lang='grc' dir='ltr'><em>βλέπειν</em></span> <span class='ocrx_word' id='word_1_371' title='bbox 1254 2442 1292 2466; x_wconf 90' lang='grc' dir='ltr'><em>τε</em></span> <span class='ocrx_word' id='word_1_372' title='bbox 1329 2425 1395 2466; x_wconf 85' lang='grc' dir='ltr'><em>καὶ</em></span> <span class='ocrx_word' id='word_1_373' title='bbox 1433 2425 1612 2479; x_wconf 80' lang='grc' dir='ltr'><em>ἀναλέγε-</em></span> 
     </span>
     <span class='ocr_line' id='line_1_40' title="bbox 89 2487 849 2542; baseline 0 -16"><span class='ocrx_word' id='word_1_374' title='bbox 89 2491 186 2527; x_wconf 90' lang='grc' dir='ltr'><em>σθαι</em></span> <span class='ocrx_word' id='word_1_375' title='bbox 216 2487 284 2527; x_wconf 83' lang='grc' dir='ltr'><em>καὶ</em></span> <span class='ocrx_word' id='word_1_376' title='bbox 314 2487 526 2542; x_wconf 85' lang='grc' dir='ltr'><em>προφέρειν</em></span> <span class='ocrx_word' id='word_1_377' title='bbox 559 2487 849 2541; x_wconf 75' lang='grc' dir='ltr'><em>ἀναμαρτήτως.</em></span> 
     </span>
    </p>

    <p class='ocr_par' dir='ltr' id='par_1_7' title="bbox 89 2556 1613 2789">
     <span class='ocr_line' id='line_1_41' title="bbox 208 2556 1613 2613; baseline -0.001 -15"><span class='ocrx_word' id='word_1_378' title='bbox 208 2556 370 2600; x_wconf 82' lang='lat' dir='ltr'><strong>XVIII.</strong></span> <span class='ocrx_word' id='word_1_379' title='bbox 414 2558 484 2607; x_wconf 68' lang='lat'><em>‘529</em></span> <span class='ocrx_word' id='word_1_380' title='bbox 521 2559 594 2613; x_wconf 81' lang='grc' dir='ltr'><em>γὰρ</em></span> <span class='ocrx_word' id='word_1_381' title='bbox 633 2559 683 2599; x_wconf 73' lang='grc' dir='ltr'><em>ἂν</em></span> <span class='ocrx_word' id='word_1_382' title='bbox 721 2558 763 2598; x_wconf 79' lang='grc' dir='ltr'><em>ἐν</em></span> <span class='ocrx_word' id='word_1_383' title='bbox 794 2559 898 2606; x_wconf 82' lang='grc' dir='ltr'><em>τάξει</em></span> <span class='ocrx_word' id='word_1_384' title='bbox 930 2559 1093 2605; x_wconf 89' lang='grc' dir='ltr'><em>στάντας</em></span> <span class='ocrx_word' id='word_1_385' title='bbox 1125 2558 1348 2610; x_wconf 89' lang='grc' dir='ltr'><em>γνωρίμους</em></span> <span class='ocrx_word' id='word_1_386' title='bbox 1382 2556 1492 2605; x_wconf 81' lang='grc' dir='ltr'><em>τινὰς</em></span> <span class='ocrx_word' id='word_1_387' title='bbox 1522 2557 1613 2596; x_wconf 82' lang='grc' dir='ltr'><em>ἴδω-</em></span> 
     </span>
     <span class='ocr_line' id='line_1_42' title="bbox 90 2614 1613 2671; baseline -0.002 -13"><span class='ocrx_word' id='word_1_388' title='bbox 90 2634 180 2670; x_wconf 91' lang='grc' dir='ltr'><em>μεν,</em></span> <span class='ocrx_word' id='word_1_389' title='bbox 223 2617 340 2659; x_wconf 79' lang='grc' dir='ltr'><em>οὐδὲν</em></span> <span class='ocrx_word' id='word_1_390' title='bbox 380 2619 517 2658; x_wconf 91' lang='grc' dir='ltr'><em>διοίσει</em></span> <span class='ocrx_word' id='word_1_391' title='bbox 556 2617 672 2671; x_wconf 77' lang='grc' dir='ltr'><em>ἡμῖν,</em></span> <span class='ocrx_word' id='word_1_392' title='bbox 713 2614 785 2670; x_wconf 79' lang='grc' dir='ltr'><em>ἀφ’</em></span> <span class='ocrx_word' id='word_1_393' title='bbox 815 2618 906 2657; x_wconf 78' lang='grc' dir='ltr'><em>ὅτου</em></span> <span class='ocrx_word' id='word_1_394' title='bbox 949 2617 998 2668; x_wconf 90' lang='grc' dir='ltr'><em>δή</em></span> <span class='ocrx_word' id='word_1_395' title='bbox 1040 2633 1146 2664; x_wconf 91' lang='grc' dir='ltr'><em>τινος</em></span> <span class='ocrx_word' id='word_1_396' title='bbox 1184 2616 1234 2656; x_wconf 75' lang='grc' dir='ltr'><em>ἂν</em></span> <span class='ocrx_word' id='word_1_397' title='bbox 1272 2616 1496 2668; x_wconf 80' lang='grc' dir='ltr'><em>ἐθέλοιμεν,</em></span> <span class='ocrx_word' id='word_1_398' title='bbox 1535 2622 1613 2655; x_wconf 87' lang='grc' dir='ltr'><em>τῶν</em></span> 
     </span>
     <span class='ocr_line' id='line_1_43' title="bbox 89 2674 1613 2751; baseline -0.002 -34"><span class='ocrx_word' id='word_1_399' title='bbox 89 2677 221 2751; x_wconf 72' lang='grc' dir='ltr'><em>ἄκρων</em></span> <span class='ocrx_word' id='word_1_400' title='bbox 258 2677 284 2730; x_wconf 69' lang='grc' dir='ltr'><strong>ἢ</strong></span> <span class='ocrx_word' id='word_1_401' title='bbox 321 2677 387 2718; x_wconf 82' lang='grc' dir='ltr'><em>καὶ</em></span> <span class='ocrx_word' id='word_1_402' title='bbox 424 2674 491 2717; x_wconf 79' lang='grc' dir='ltr'><em>ἀπ’</em></span> <span class='ocrx_word' id='word_1_403' title='bbox 520 2679 642 2718; x_wconf 79' lang='grc' dir='ltr'><em>αὐτοῦ</em></span> <span class='ocrx_word' id='word_1_404' title='bbox 680 2684 749 2717; x_wconf 88' lang='grc' dir='ltr'><em>τοῦ</em></span> <span class='ocrx_word' id='word_1_405' title='bbox 788 2676 907 2728; x_wconf 85' lang='grc' dir='ltr'><em>μέσου</em></span> <span class='ocrx_word' id='word_1_406' title='bbox 941 2676 1069 2749; x_wconf 79' lang='grc' dir='ltr'><em>λέγειν</em></span> <span class='ocrx_word' id='word_1_407' title='bbox 1107 2675 1334 2728; x_wconf 80' lang='grc' dir='ltr'><em>ἀρχομένοις</em></span> <span class='ocrx_word' id='word_1_408' title='bbox 1371 2675 1418 2714; x_wconf 85' lang='grc' dir='ltr'><em>τὰ</em></span> <span class='ocrx_word' id='word_1_409' title='bbox 1452 2675 1613 2715; x_wconf 81' lang='grc' dir='ltr'><em>ἐκείνων</em></span> 
     </span>
     <span class='ocr_line' id='line_1_44' title="bbox 89 2733 1611 2789; baseline -0.002 -12"><span class='ocrx_word' id='word_1_410' title='bbox 89 2736 280 2789; x_wconf 85' lang='grc' dir='ltr'><em>ὀνόματα·</em></span> <span class='ocrx_word' id='word_1_411' title='bbox 319 2754 420 2778; x_wconf 88' lang='grc' dir='ltr'><em>ουτω</em></span> <span class='ocrx_word' id='word_1_412' title='bbox 460 2737 509 2789; x_wconf 80' lang='grc' dir='ltr'><em>δὴ</em></span> <span class='ocrx_word' id='word_1_413' title='bbox 539 2736 607 2777; x_wconf 85' lang='grc' dir='ltr'><em>καὶ</em></span> <span class='ocrx_word' id='word_1_414' title='bbox 636 2743 714 2776; x_wconf 86' lang='grc' dir='ltr'><em>τῶν</em></span> <span class='ocrx_word' id='word_1_415' title='bbox 744 2736 875 2776; x_wconf 89' lang='grc' dir='ltr'><em>τόπων</em></span> <span class='ocrx_word' id='word_1_416' title='bbox 906 2736 1009 2784; x_wconf 83' lang='grc' dir='ltr'><em>τάξει</em></span> <span class='ocrx_word' id='word_1_417' title='bbox 1039 2734 1357 2788; x_wconf 90' lang='grc' dir='ltr'><em>καθιδρυμένων,</em></span> <span class='ocrx_word' id='word_1_418' title='bbox 1388 2751 1438 2774; x_wconf 91' lang='grc' dir='ltr'><em>αν</em></span> <span class='ocrx_word' id='word_1_419' title='bbox 1469 2733 1512 2774; x_wconf 79' lang='grc' dir='ltr'><em>ἐκ</em></span> <span class='ocrx_word' id='word_1_420' title='bbox 1542 2742 1611 2775; x_wconf 84' lang='grc' dir='ltr'><em>τοῦ</em></span> 
     </span>
    </p>
   </div>
   <div class='ocr_carea' id='block_1_7' title="bbox 1555 2791 1609 2809">
    <p class='ocr_par' dir='ltr' id='par_1_8' title="bbox 1555 2791 1609 2809">
     <span class='ocr_line' id='line_1_45' title="bbox 1555 2791 1609 2809; baseline 0.037 -2"><span class='ocrx_word' id='word_1_421' title='bbox 1555 2791 1609 2809; x_wconf 71' lang='lat' dir='ltr'><em>’U</em></span> 
     </span>
    </p>
   </div>
   <div class='ocr_carea' id='block_1_8' title="bbox 91 2794 1612 2868">
    <p class='ocr_par' dir='ltr' id='par_1_9' title="bbox 91 2794 1612 2868">
     <span class='ocr_line' id='line_1_46' title="bbox 91 2794 1612 2868; baseline -0.001 -33"><span class='ocrx_word' id='word_1_422' title='bbox 91 2797 275 2845; x_wconf 88' lang='grc' dir='ltr'><em>δόξαντος</em></span> <span class='ocrx_word' id='word_1_423' title='bbox 308 2797 448 2851; x_wconf 87' lang='grc' dir='ltr'><em>μέρους</em></span> <span class='ocrx_word' id='word_1_424' title='bbox 479 2796 546 2845; x_wconf 81' lang='grc' dir='ltr'><em>τὰς</em></span> <span class='ocrx_word' id='word_1_425' title='bbox 573 2797 907 2843; x_wconf 87' lang='grc' dir='ltr'><em>συσκευασθείσας</em></span> <span class='ocrx_word' id='word_1_426' title='bbox 933 2795 1088 2843; x_wconf 88' lang='grc' dir='ltr'><em>εἰκόνας</em></span> <span class='ocrx_word' id='word_1_427' title='bbox 1098 2794 1406 2868; x_wconf 38' lang='lat' dir='ltr'><em>Po&#39;cvocksyn‘mssstx,</em></span> <span class='ocrx_word' id='word_1_428' title='bbox 1437 2795 1551 2834; x_wconf 89' lang='grc' dir='ltr'><em>πάνθ</em></span> <span class='ocrx_word' id='word_1_429' title='bbox 1587 2812 1612 2834; x_wconf 90' lang='grc' dir='ltr'><em>α</em></span> 
     </span>
    </p>
   </div>
   <div class='ocr_carea' id='block_1_9' title="bbox 1642 1528 1685 1558">
    <p class='ocr_par' dir='ltr' id='par_1_10' title="bbox 1642 1528 1685 1558">
     <span class='ocr_line' id='line_1_47' title="bbox 1642 1528 1685 1558; baseline 0.047 -2"><span class='ocrx_word' id='word_1_430' title='bbox 1642 1528 1660 1557; x_wconf 79' lang='grc'>3</span> <span class='ocrx_word' id='word_1_431' title='bbox 1665 1528 1685 1558; x_wconf 93' lang='grc' dir='ltr'>Ο</span> 
     </span>
    </p>
   </div>
   <div class='ocr_carea' id='block_1_10' title="bbox 90 2853 1681 2909">
    <p class='ocr_par' dir='ltr' id='par_1_11' title="bbox 90 2853 1681 2909">
     <span class='ocr_line' id='line_1_48' title="bbox 90 2853 1681 2909; baseline -0.001 -13"><span class='ocrx_word' id='word_1_432' title='bbox 90 2861 170 2904; x_wconf 87' lang='grc' dir='ltr'><em>τοῖς</em></span> <span class='ocrx_word' id='word_1_433' title='bbox 202 2857 334 2905; x_wconf 88' lang='grc' dir='ltr'><em>τόποις</em></span> <span class='ocrx_word' id='word_1_434' title='bbox 365 2857 610 2909; x_wconf 81' lang='grc' dir='ltr'><em>ἐνεθηκαμεν</em></span> <span class='ocrx_word' id='word_1_435' title='bbox 642 2857 765 2897; x_wconf 89' lang='grc' dir='ltr'><em>εἰπεῖν</em></span> <span class='ocrx_word' id='word_1_436' title='bbox 792 2855 1059 2908; x_wconf 88' lang='grc' dir='ltr'><em>δυνησόμεθα.</em></span> <span class='ocrx_word' id='word_1_437' title='bbox 1098 2853 1222 2895; x_wconf 88' lang='grc' dir='ltr'><em>Όθεν</em></span> <span class='ocrx_word' id='word_1_438' title='bbox 1249 2853 1399 2909; x_wconf 85' lang='grc' dir='ltr'><em>ἀρέσκει</em></span> <span class='ocrx_word' id='word_1_439' title='bbox 1425 2854 1490 2894; x_wconf 89' lang='grc' dir='ltr'><em>καὶ</em></span> <span class='ocrx_word' id='word_1_440' title='bbox 1514 2854 1610 2894; x_wconf 84' lang='grc' dir='ltr'><em>κατὰ</em></span> <span class='ocrx_word' id='word_1_441' title='bbox 1637 2862 1681 2894; x_wconf 86' lang='grc'><em>31</em></span> 
     </span>
    </p>
   </div>
  </div>
 </body>
</html>
