2003 3116
739 129 1110 164 PROLEGOMENA.
1607 131 1688 172 149

167 249 311 276 carum
342 233 563 277 Musarum
602 237 831 291 scriptores
872 252 927 279 an
963 237 1032 280 hic
1071 238 1170 292 quia
1202 252 1377 294 gregem
1411 238 1688 294 rabularum'‚

167 305 240 347 ubi
269 306 492 360 epitheton
523 307 607 350 ales
638 307 905 350 demonstrat
928 311 1103 364 poetam
1130 309 1305 364 ancipiti
1330 310 1530 352 uocabuli
1555 311 1688 366 signi-

165 376 364 419 ficatione
395 378 540 420 ludere
572 394 656 435 qua
686 379 737 420 de
769 394 814 420 re
847 379 955 421 conf.
983 395 1091 435 quae
1117 379 1383 422 ENordenus
1416 382 1612 436 exposuit
1643 383 1688 424 in

165 447 431 490 Fleckeiseni
463 450 672 504 supplem.
697 449 852 492 XVIII
880 466 920 505 p.
947 451 1045 504 280,
1074 453 1110 494 1.
1166 451 1247 500 Qui
1279 452 1475 493 similiter
1507 453 1611 495 lusit
1641 453 1688 495 in

166 520 375 562 uocabulo
412 520 634 563 suscitabat
669 535 806 575 neque
844 535 893 562 ea
931 536 1039 576 quae
1079 522 1132 563 ad
1163 521 1268 564 Hor.
1295 525 1371 564 sat.
1399 522 1420 564 Ι
1449 525 1491 578 1,
1522 524 1574 566 10
1615 524 1687 565 ad-

163 593 369 633 notantur
405 591 448 633 id
487 594 668 646 possunt
714 592 880 633 efficere
917 595 965 634 ut
998 591 1237 634 Varronem
1270 593 1320 635 de
1360 594 1524 636 duobus
1561 595 1686 650 gallis

164 676 291 717 agere
323 662 507 705 arbitrer
539 657 808 717 gallinaceis,
847 676 943 704 cum
975 663 1017 704 in
1053 663 1168 705 omni
1201 664 1323 718 poesi
1354 664 1483 706 sicuti
1514 666 1559 707 in
1586 681 1685 721 apo-

163 733 276 788 logis
308 733 530 788 Aesopicis
571 748 702 775 unum
735 734 1036 776 tantummodo
1069 735 1284 776 nominari
1317 735 1480 790 gallum
1513 751 1687 779 consen—

162 808 338 847 taneum
371 805 427 847 sit
457 805 624 860 Micylli
656 803 859 847 Luci-anei
891 806 1204 848 suscitatorem.
1260 806 1414 849 Verbis
1446 806 1532 849 illis
1565 823 1685 862 prae-

161 892 298 932 ponas
327 879 497 931 oportet
523 877 795 918 considerata
821 877 1098 932 inscriptione
1120 881 1290 920 saturae
1317 879 1569 921 laudandus:
1602 895 1685 934 quo

158 948 274 990 facto
318 947 436 990 uides
481 947 537 989 M.
577 947 822 989 Terentium
866 948 1064 990 iuuenem
1111 949 1260 991 eodem
1304 949 1431 991 modo
1484 950 1685 992 delectari

159 1018 465 1074 cognominum
493 1018 627 1060 ueluti
650 1017 802 1061 Gallus
828 1019 1114 1075 ambiguitate
1143 1034 1226 1075 quo
1257 1034 1383 1061 senex
1411 1022 1516 1063 satis
1543 1036 1685 1077 super-

159 1105 241 1145 que
273 1091 389 1132 iocos
420 1090 559 1132 mouit
589 1105 669 1132 rer.
696 1093 801 1133 rust.
830 1090 895 1132 III
921 1091 966 1146 2,
992 1092 1019 1134 2
1058 1092 1103 1133 in
1136 1092 1465 1146 cognominibus
1499 1092 1685 1135 Cornelii

158 1161 346 1203 Merulae
390 1161 577 1204 Fircellii
623 1162 812 1204 Pauonis
857 1161 1033 1204 Minucii
1077 1162 1204 1204 Picae
1248 1163 1442 1204 Petronii
1480 1163 1684 1205 Passeris,

159 1233 252 1283 Quo
285 1233 539 1288 cognomine
573 1248 832 1288 quamquam
858 1248 925 1275 me
951 1248 1038 1275 non
1065 1234 1177 1289 fugit
1204 1233 1250 1284 Q.
1277 1234 1482 1276 Roscium
1509 1233 1683 1276 Gallum

157 1304 410 1346 histrionem
441 1304 713 1346 Lanuuinum
745 1304 877 1346 fuisse
908 1303 1052 1346 Luscii
1083 1305 1200 1347 illius
1233 1306 1505 1360 municipem,
1536 1308 1682 1347 tamen

158 1377 211 1419 ad
248 1375 436 1418 Galliam
481 1376 735 1431 cisalpinam
780 1375 913 1417 Plotii
962 1377 1147 1431 patriam
1193 1392 1322 1432 quam
1368 1375 1413 1419 C.
1450 1377 1611 1419 Marius
1658 1392 1682 1418 a

155 1447 480 1490 Rauennatibus
517 1450 670 1503 postea
709 1450 853 1490 statua
889 1447 1125 1490 honoratus
1159 1446 1289 1505 (Plut.
1316 1447 1423 1490 Mar.
1450 1449 1494 1504 2)
1538 1448 1681 1490 defen·

155 1520 276 1562 derat
302 1535 327 1562 a
353 1534 481 1561 saeuo
514 1519 798 1561 barbarorum
837 1520 1001 1574 impetu
1038 1534 1117 1561 nos
1150 1519 1300 1562 deduci
1338 1519 1537 1562 arbitror.
1588 1519 1680 1569 Quo

153 1606 231 1633 nos
271 1590 441 1633 deducit
479 1593 522 1633 et
561 1589 748 1632 Cornelii
785 1592 940 1645 poetae
981 1604 1222 1646 cognomen
1264 1594 1307 1633 et
1345 1591 1477 1633 Plotii
1515 1591 1681 1633 Tuccae

153 1663 203 1704 de
236 1677 319 1718 quo
346 1662 457 1705 conf.
479 1662 609 1704 schol.
629 1662 746 1704 Pers.
764 1661 809 1704 H
833 1663 890 1705 42
921 1661 1172 1717 Plotiaeque
1198 1662 1370 1704 Hieriae
1404 1663 1477 1718 qui
1497 1662 1681 1718 Vergilii

155 1734 280 1776 amici
316 1734 489 1776 fuerunt
523 1734 702 1776 nomina
732 1748 809 1776 nec
840 1749 926 1776 non
960 1734 1082 1790 origo
1116 1734 1353 1776 studiorum
1388 1735 1482 1776 aeui
1515 1733 1679 1776 Sullani

153 1805 393 1847 communis
438 1820 546 1861 quae
589 1806 635 1847 in
680 1805 824 1848 Gallia
868 1805 1076 1861 cisalpina
1119 1806 1196 1847 illo
1241 1809 1434 1860 tempore
1478 1806 1590 1848 laete
1637 1810 1679 1847 et

152 1876 338 1920 feliciter
370 1876 658 1920 effloruerant.

270 1947 422 2003 Itaque
453 1947 659 1991 Varronis
691 1947 795 1990 illud
834 1947 1126 2004 fragmentum
1160 1947 1196 1990 si
1227 1950 1340 1990 recte
1378 1949 1680 2004 intelleximus,

153 2033 328 2075 gregem
365 2020 614 2062 rabularum
654 2020 909 2062 suscitatum
949 2034 1041 2061 esse
1080 2035 1104 2061 a
1141 2019 1284 2062 Plotio
1325 2018 1447 2062 Gallo
1493 2021 1677 2063 traditur

153 2090 262 2132 sicut
287 2089 408 2132 Lucr.
428 2090 468 2133 V
498 2091 610 2133 1166
638 2091 741 2132 dicit
768 2090 856 2146 <qui
882 2090 1060 2132 delubra
1087 2090 1211 2132 deum
1238 2105 1351 2133 noua
1376 2094 1469 2134 toto
1497 2092 1675 2134 suscitat

153 2161 270 2202 orbe'
303 2164 345 2202 et
375 2159 481 2205 Hor.
507 2176 633 2204 carm.
660 2161 727 2204 III
752 2162 820 2217 27,
850 2163 900 2204 11
936 2161 1147 2204 eoscinem
1181 2176 1358 2204 coruum
1388 2176 1512 2217 prece
1546 2163 1676 2204 susci·

150 2232 253 2274 tabo
287 2232 389 2274 solis
422 2232 475 2274 ab
509 2231 634 2274 ortu'.
694 2231 860 2287 Nempe
900 2235 1076 2287 apparet
1114 2235 1298 2288 quantos
1338 2247 1568 2275 concursus
1601 2233 1674 2275 ille

154 2301 359 2346 Cicerone
390 2318 521 2359 puero
553 2305 597 2345 in
629 2303 762 2346 Plotii
793 2304 893 2347 ludo
924 2304 1063 2347 factus
1095 2304 1324 2359 protulerit
1355 2303 1538 2347 fructus!

270 2374 412 2430 Atque
460 2375 671 2418 nobilium
722 2376 892 2431 quidem
941 2376 1056 2418 filios
1101 2375 1272 2418 scholas
1316 2376 1447 2418 Plotii
1488 2376 1674 2419 Mariani

152 2446 444 2501 frequentasse
494 2461 619 2489 nemo
664 2446 856 2502 profecto
902 2447 1199 2489 arbitrabitur:
1250 2443 1359 2501 qua⁰e
1405 2447 1518 2489 enim
1562 2448 1673 2503 apud

150 2517 271 2558 illum
298 2516 348 2558 de
374 2517 497 2572 plebe
522 2516 743 2560 hominem
770 2518 1052 2560 audiebantur
1077 2517 1424 2571 declamationes,
1451 2533 1521 2560 eas
1546 2518 1673 2560 Marii

150 2588 408 2630 aduersariis
440 2590 483 2630 et
513 2588 735 2630 nobilitati
766 2576 918 2643 parum
945 2591 1091 2644 gratas
1124 2589 1255 2631 fuisse
1285 2588 1563 2630 manifestum
1596 2594 1672 2631 est.

150 2659 359 2702 Nonnulli
397 2674 499 2701 uero
534 2674 556 2701 e
587 2659 808 2714 discipulis
840 2659 974 2702 Plotii
1011 2660 1194 2701 edidisse
1230 2659 1430 2701 uidentur
1460 2660 1670 2702 declama-

149 2732 288 2773 tiones
322 2745 433 2786 suas,
465 2730 618 2786 quibus
644 2729 783 2772 Mario
810 2730 1020 2785 Mariique
1053 2730 1200 2772 amicis
1235 2733 1276 2771 et
1304 2730 1366 2771 rei
1397 2731 1670 2785 popularium

150 2802 315 2845 animos
352 2802 576 2845 hominum
607 2802 905 2844 conciliarent:
942 2802 1076 2844 ueluti
1106 2800 1152 2843 P.
1186 2800 1441 2856 Cannutius,
1480 2802 1669 2856 aequalis

151 2872 387 2929 Ciceronis,
426 2876 545 2916 extra
584 2873 775 2916 ordinem
819 2874 1078 2915 senatorium
1116 2872 1246 2915 homo
1285 2873 1594 2915 disertissimus
1628 2877 1669 2914 et
