2003 3116
656 116 1025 151 PROLEGOMENA.
1525 116 1607 157 109

87 225 388 278 argenteorum
426 224 526 265 dato
567 239 673 278 quae
706 224 838 266 uolet'
872 240 999 279 quam
1032 226 1160 267 etiam
1195 224 1343 267 Cicero
1376 226 1427 267 de
1458 226 1542 267 inu.
1569 226 1613 266 II

86 295 163 349 40,
190 295 274 336 116
314 295 438 336 affert
472 295 696 349 paululum
736 298 947 337 mutatam
984 297 1078 338 ideo
1118 297 1394 338 memoranda
1431 297 1613 351 uidetur,

87 365 198 419 quod
243 366 507 407 simillimam
560 367 650 407 eius
688 367 775 407 iam
813 366 1000 409 Lucilius
1045 368 1156 409 libro
1195 368 1301 409 XVI
1347 370 1612 410 tractauerat

86 436 206 477 cuius
238 436 284 477 hi
317 451 464 478 uersus
497 439 613 478 sunt:
655 436 856 492 *Legauit
888 438 1062 492 quidam
1094 439 1217 480 uxori
1251 439 1453 480 mundum
1487 454 1610 480 omne

86 521 339 562 penumque.
385 507 518 561 Atqui
539 507 637 561 quid
664 508 881 562 mundum,
910 509 1009 562 quid
1030 524 1127 563 non,
1155 510 1247 563 quis
1269 510 1429 551 diuidet
1454 509 1612 552 istuc‘?’

85 578 196 620 conf.
229 577 314 620 Cic.
347 580 435 632 top.
468 579 512 631 3,
543 579 596 619 13
637 579 784 632 partit.
819 582 925 620 orat.
959 580 1034 630 31,
1071 581 1163 622 107.
1233 580 1468 634 Pleraeque
1512 596 1613 623 uero

87 649 406 691 controuersiae
440 663 489 689 ex
523 648 687 690 Graeco
720 650 959 691 translatae
993 654 1107 692 sunt:
1140 652 1276 693 ueluti

207 719 250 776 1)
282 720 360 760 illa
391 734 499 774 quae
532 723 890 761 commemoratur
921 721 941 761 I
971 722 1036 775 11,
1067 723 1117 763 18
1153 722 1203 763 (18
1234 722 1358 764 Ulixe
1391 719 1611 764 homicidii

86 806 175 832 reo:
214 791 332 832 cuius
373 790 696 832 declamationis
740 792 884 846 ampla
922 807 1021 845 pars
1062 797 1201 834 exstat
1240 793 1282 833 II
1318 796 1389 848 10,
1415 794 1613 836 28—30:

89 863 200 904 conf.
228 862 312 904 Cic.
340 863 389 903 de.
422 862 507 903 inu.
534 862 555 903 I
589 864 627 917 8,
656 864 722 904 11.
754 864 823 916 49,
849 865 917 904 92.

208 932 255 989 2)
287 934 351 974 De
383 935 484 975 naui
517 937 694 989 propter
724 937 1026 989 tempestatem
1061 936 1229 977 deserta
1262 936 1281 977 I
1315 938 1377 989 11,
1408 938 1458 977 15.»
1487 952 1614 990 quam

90 1004 266 1046 adhibet
304 1003 388 1046 Cic.
429 1005 479 1045 de
517 1006 602 1046 inu.
633 1005 675 1046 II
714 1006 788 1059 51,
833 1007 933 1056 153,
987 1006 1169 1048 similem
1214 1007 1439 1050 Fortunat.
1494 1008 1613 1049 RLM

87 1092 127 1131 p.
156 1077 258 1130 100,
284 1077 340 1118 30
372 1076 513 1119 Halm.
574 1076 776 1132 Hermog.
809 1077 860 1118 de
903 1081 1000 1119 stat.
1034 1078 1110 1119 HG
1149 1078 1214 1119 III
1256 1094 1294 1132 p.
1326 1080 1395 1133 15,
1422 1082 1447 1120 6
1475 1079 1529 1120 W
1572 1080 1615 1120 II

88 1162 127 1201 p.
157 1148 251 1200 141,
281 1148 331 1189 11
367 1146 437 1200 Sp.

206 1217 252 1272 3)
285 1219 524 1260 Accusatur
563 1220 718 1274 aliquis
756 1221 976 1274 peculatus
1010 1222 1121 1275 quod
1162 1237 1266 1262 uasa
1304 1224 1506 1277 argentea
1539 1238 1613 1277 pu-

87 1289 200 1344 plica
244 1290 294 1331 de
338 1290 433 1332 loco
478 1291 649 1345 priuato
695 1291 851 1333 dicitur
896 1292 1136 1334 sustulisse.
1207 1292 1466 1336 Definitione
1512 1309 1613 1336 usus

88 1361 310 1415 utriusque
349 1361 549 1403 uocabuli
587 1376 730 1403 secum
770 1363 872 1404 furti
911 1378 997 1405 non
1036 1365 1259 1417 peculatus
1301 1366 1372 1420 agi
1417 1369 1614 1419 oportere

88 1431 294 1473 defendit:
327 1432 348 1472 I
379 1434 443 1486 12,
463 1434 531 1474 22).
576 1432 693 1474 Haec
720 1435 1015 1475 controuersia
1041 1449 1091 1476 ex
1118 1435 1354 1477 Aristotele
1383 1436 1563 1478 deducta
1591 1452 1614 1477 a

88 1501 242 1544 Latino
269 1506 436 1545 mutata
463 1507 538 1545 est.
590 1503 704 1545 Nam
725 1504 985 1547 Aristoteles
1013 1506 1161 1547 rhet.I
1189 1522 1276 1560 cap.
1305 1508 1355 1548 13
1382 1522 1421 1561 p.
1441 1508 1566 1561 1374,
1586 1509 1613 1547 4

88 1577 397 1616 commemorat
436 1575 613 1616 eandem
652 1576 989 1617 controuersiam
1030 1578 1073 1617 in
1113 1593 1196 1631 qua
1235 1578 1479 1620 definitione
1513 1594 1612 1619 usus

86 1642 242 1695 κλέψαι
286 1643 366 1699 μὲν
410 1643 504 1687 ἀλλ’
543 1645 621 1700 οὐχ
667 1647 949 1701 ιεροσυλῆσαι
996 1648 1150 1703 aliquis
1197 1649 1440 1690 confitetur:
1487 1664 1612 1704 quam

87 1715 596 1772 lecepitHe1·mogen.de
624 1720 721 1759 stat.
744 1718 821 1759 RG
842 1718 907 1759 III
928 1735 967 1773 p.
990 1719 1057 1773 35,
1079 1719 1104 1760 5
1127 1719 1183 1760 W
1216 1719 1256 1759 II
1277 1735 1316 1774 p
1345 1721 1437 1774 138,
1457 1721 1508 1761 2
1488 1735 1514 1759 ι)
1536 1720 1612 1775 Sp:

87 1785 130 1836 ἐξ
175 1786 297 1842 ἱεροῦ
342 1788 540 1829 ἰδιωτικά
585 1804 650 1837 τις
692 1788 898 1843 ὑφείλετο
943 1806 1140 1845 χρηματα
1174 1823 1182 1831 .
1210 1824 1219 1832 .
1248 1824 1255 1832 .
1285 1791 1342 1840 ὡς
1387 1792 1614 1846 ιερόσυλο·

87 1857 296 1911 ὑπάγεται
323 1859 346 1900 ὁ
374 1857 422 1900 δὲ
454 1858 640 1914 κλέπτης
666 1857 780 1902 εἶναι
812 1860 927 1914 λέγει
954 1863 1138 1916 80111111
1163 1861 1238 1903 RG
1267 1862 1371 1904 VIII
1396 1878 1434 1916 p.
1460 1864 1539 1904 102
1561 1863 1612 1903 W

88 1926 174 1970 Cio.
207 1929 256 1971 de
288 1930 374 1972 inu.
406 1930 426 1972 I
460 1931 505 1985 8,
535 1933 606 1973 11;
651 1931 705 1972 esi
743 1933 815 1986 qui
853 1948 1023 1974 sacrum
1063 1948 1111 1974 ex
1150 1934 1319 1987 priuato
1360 1934 1614 1988 surripuerit

86 2002 229 2041 utrum
261 2000 330 2042 fur
361 2016 415 2042 an
449 2003 684 2058 sacrilegus
718 2003 774 2044 sit
806 2003 1088 2046 iudicandus?
1140 2005 1250 2046 Vide
1277 2009 1439 2059 quanto
1473 2007 1613 2060 magis

87 2069 266 2112 Latinus
304 2076 346 2113 et
384 2072 602 2114 Romanus
645 2074 702 2115 sit
740 2075 924 2128 scriptor
963 2075 1016 2116 ad
1055 2075 1153 2116 Her.
1217 2076 1300 2125 Qui
1344 2091 1438 2117 cum
1484 2077 1612 2117 sciret

87 2141 301 2195 sacrilegii
329 2143 541 2185 actionem
569 2145 742 2185 omnino
769 2160 856 2186 non
884 2160 975 2186 esse
1003 2146 1077 2187 sed
1104 2147 1361 2201 sacrilegum
1391 2148 1611 2200 peculatus

88 2211 283 2253 damnari
315 2228 400 2268 qua
431 2215 482 2256 de
514 2230 559 2256 re
592 2215 701 2256 conf.
735 2215 818 2257 Cic.
851 2217 895 2256 in
921 2216 1041 2257 Verr.
1074 2220 1152 2258 act.
1185 2217 1206 2258 I
1239 2217 1278 2272 5,
1308 2219 1361 2259 14
1394 2221 1473 2259 act.
1501 2217 1543 2259 II
1578 2220 1612 2272 1,

86 2282 125 2336 4,
154 2283 204 2324 11
240 2283 309 2324 lex
334 2283 446 2326 Iulia
477 2285 611 2327 instit.
640 2286 701 2327 IV
733 2287 796 2340 18,
824 2287 849 2327 9
884 2287 966 2342 dig.
994 2288 1065 2341 48,
1094 2288 1146 2329 13
1180 2290 1422 2343 exemplum
1448 2289 1553 2330 illud
1588 2305 1611 2330 a

87 2351 261 2395 Graecis
293 2355 551 2397 translatum
590 2371 639 2398 ea
676 2358 843 2399 ratione
882 2359 1165 2400 commutauit
1196 2362 1244 2400 ut
1280 2360 1502 2413 peculatus
1536 2361 1611 2401 cri—

87 2425 198 2466 mine
236 2440 313 2479 pro
354 2427 579 2483 sacrilegio
620 2429 844 2483 subposito
884 2430 1024 2484 magis
1062 2434 1284 2484 acceptum
1327 2431 1447 2472 fieret
1489 2432 1610 2472 uafro

87 2495 314 2545 Quiritium
347 2499 519 2552 populo.

204 2569 250 2622 4)
283 2568 440 2610 Mimus
473 2570 643 2624 quidam
671 2571 848 2612 Accium
879 2574 1050 2625 poetam
1078 2573 1357 2627 compellauit
1389 2574 1433 2614 in
1459 2589 1611 2616 scaena

87 2653 120 2678 e.
146 2653 183 2692 q.
211 2653 242 2680 s.
275 2638 294 2679 Ι
325 2640 391 2694 14,
417 2641 486 2682 24.
548 2641 666 2682 Haec
699 2657 864 2696 quoque
899 2644 1194 2685 controuersia
1226 2644 1278 2684 ad
1312 2646 1551 2700 exemplum
1585 2661 1609 2686 a

86 2708 260 2751 Graecis
300 2712 516 2765 prolatum
552 2712 792 2766 composita
824 2716 900 2754 est.
961 2713 1075 2755 Nam
1107 2713 1402 2770 Hermogenes
1436 2715 1513 2757 RG
1546 2716 1610 2757 III

86 2794 124 2833 p.
152 2780 220 2834 60,
248 2782 302 2822 15
323 2781 380 2823 W
412 2782 455 2824 II
486 2798 526 2837 p.
556 2783 651 2837 171,
678 2784 733 2824 28
763 2781 821 2837 Sp
862 2786 904 2824 et
936 2783 1118 2837 Sopater
1148 2785 1226 2826 RG
1253 2785 1358 2826 VIII
1384 2802 1423 2840 p.
1451 2786 1609 2828 383W

88 2850 272 2892 similem
305 2854 644 2896 controuersiam
676 2854 787 2895 hanc
820 2854 1043 2897 inducunt:
1076 2855 1289 2912 ὀνομαστὶ
1322 2858 1551 2915 κωμῳδεῖν
1585 2858 1607 2900 ὁ
