2003 3116
431 222 484 263 68
992 219 1358 252 PROLEGOMENA.

429 330 656 370 editionem
695 327 973 368 inchoauerat
1015 325 1076 367 Io.
1104 324 1312 379 Georgius
1358 324 1568 366 Graeuius
1612 325 1730 367 cuius
1775 325 1941 368 schedis

428 402 527 454 post
565 397 736 439 Graeuii
774 399 955 437 mortem
994 410 1094 437 usus
1136 398 1200 436 est
1234 395 1386 436 Petrus
1418 394 1691 437 Burmannus
1725 395 1940 438 Secundus

429 472 473 510 in
505 469 690 510 editione
722 466 1000 523 Lugdunensi
1039 466 1139 508 anni
1176 466 1286 507 1761
1321 480 1448 520 quam
1486 467 1530 507 in
1564 466 1794 509 Germania
1825 483 1945 523 repe-

428 540 498 580 tiit
529 538 562 580 F
567 538 882 580 Lindemannus
914 537 1087 592 Lipsiae
1121 537 1234 579 1828
1267 550 1448 591 quorum
1486 539 1636 578 neuter
1674 537 1718 579 in
1751 539 1945 580 emenda-

428 610 544 652 tione
582 610 767 651 multum
805 610 906 651 boni
946 608 1183 664 praestitit:
1229 607 1499 650 Burmannus
1544 612 1691 651 tamen
1736 609 1857 652 docte
1901 611 1946 652 in

428 680 747 735 prolegomenis
798 681 848 721 de
898 680 1000 722 fatis
1050 681 1257 722 librorum
1308 680 1361 721 ad
1406 679 1505 721 Her.
1552 680 1789 734 disputauit
1839 696 1945 736 quae

429 751 561 793 etiam
587 754 688 805 post
714 750 930 806 LKayseri
956 751 1265 805 praefationem
1301 751 1431 805 digna
1462 754 1561 792 sunt
1592 766 1699 806 quae
1731 752 1946 807 legantur:

430 822 540 864 conf.
573 837 680 877 quae
713 822 763 863 de
796 822 862 863 his
905 822 1022 863 editt.
1055 822 1249 877 exposita
1287 824 1386 863 sunt
1418 823 1463 863 in
1489 821 1766 865 Onomastico
1794 822 1948 865 Orelli-

430 893 740 935 Baiterianael
765 909 805 948 p.
826 894 923 935 222.
963 893 1147 934 Additae
1178 896 1280 935 sunt
1311 893 1408 934 inde
1435 909 1460 935 a
1485 909 1524 948 p.
1545 894 1628 936 481
1657 893 1717 936 Io.
1730 894 1947 936 Michaelis

433 964 557 1007 Bruti
590 965 982 1006 animaduersiones
1016 967 1212 1019 sumptae
1245 979 1294 1005 ex
1328 964 1550 1019 utriusque
1582 964 1818 1006 rhetoricae
1850 966 1948 1008 edit.

429 1036 708 1091 Lugdunensi
755 1051 790 1077 a.
826 1036 938 1077 1570
976 1036 1048 1090 qui
1093 1051 1194 1076 usus
1241 1037 1333 1076 erat
1376 1035 1493 1077 codd.
1530 1035 1655 1077 bonis
1700 1036 1750 1077 de
1794 1037 1948 1092 quibus

431 1107 537 1149 conf.
572 1122 699 1161 supra
730 1122 769 1161 p.
791 1107 846 1148 32
881 1109 923 1147 et
955 1106 1169 1148 Francisci
1196 1106 1484 1161 Oudendorpii
1516 1107 1722 1150 lectiones
1754 1123 1802 1149 ex
1830 1109 1948 1150 codd.

431 1179 516 1219 illis
549 1178 830 1219 Leidensibus
863 1178 1023 1232 petitae
1057 1178 1107 1219 de
1140 1178 1294 1233 quibus
1328 1192 1458 1233 supra
1489 1179 1656 1232 egimus
1690 1194 1729 1233 p.
1763 1180 1816 1221 37
1850 1179 1948 1220 inde

431 1265 454 1290 a
485 1249 644 1304 p.517.
695 1248 856 1290 Nostro
895 1249 1091 1303 deinceps
1132 1249 1301 1290 saeculo
1342 1249 1555 1290 rhetorica
1594 1249 1646 1290 ad
1678 1249 1779 1292 Her.
1814 1265 1950 1292 nouos

430 1320 599 1362 inuenit
636 1324 679 1362 et
717 1323 912 1362 auctores
949 1323 991 1362 et
1030 1320 1225 1362 editores.
1278 1319 1468 1368 Quorum
1500 1320 1622 1375 quasi
1652 1321 1852 1375 princeps
1885 1324 1950 1363 est

433 1391 476 1433 C.
497 1391 544 1434 G.
567 1390 856 1433 SCHUETZIUS
895 1391 968 1446 qui
1006 1392 1118 1433 inter
1157 1406 1286 1445 opera
1325 1390 1542 1433 Ciceronis
1582 1391 1717 1433 libros
1757 1393 1810 1434 ad
1849 1392 1951 1434 Her.

434 1463 607 1518 Lipsiae
634 1463 745 1504 1804
771 1463 904 1504 edidit
930 1465 973 1504 et
998 1463 1042 1504 in
1069 1463 1336 1517 praefatione
1356 1461 1657 1505 M.Antonium
1678 1461 1950 1519 Gniphonem

433 1537 651 1576 auctorem
674 1549 766 1576 esse
786 1534 1096 1589 pronuntiauit.
1128 1534 1271 1589 Atque
1288 1534 1339 1575 de
1354 1532 1583 1588 Gniphone
1600 1534 1769 1589 quidem
1790 1536 1951 1577 nemini

432 1606 667 1661 persuasit:
702 1607 745 1647 in
778 1605 1075 1647 emendatione
1107 1609 1253 1647 tamen
1284 1605 1481 1647 nonnihil
1512 1605 1694 1660 profecit
1726 1607 1876 1649 doctus
1911 1610 1952 1648 et

433 1680 595 1730 acutus,
632 1677 677 1718 in
711 1677 868 1732 spuriis
910 1677 1177 1718 inueniendis
1210 1692 1293 1732 qua
1323 1677 1368 1718 in
1398 1691 1443 1718 re
1476 1676 1681 1718 Gruterus
1712 1693 1951 1733 praecesse-

434 1751 502 1790 rat
544 1749 724 1789 nimium
770 1749 975 1791 curiosus.
1036 1748 1162 1790 Noua
1207 1751 1326 1790 aetas
1378 1748 1687 1790 emendationis
1731 1748 1951 1792 Tullianae

432 1819 584 1874 incipit
616 1820 714 1861 inde
747 1820 800 1862 ab
834 1819 873 1862 J.
895 1818 939 1862 C.
961 1819 1158 1862 CRELLII
1198 1820 1382 1861 editione
1416 1820 1599 1862 alteram
1632 1820 1724 1862 dico
1758 1836 1865 1876 quae
1898 1823 1951 1863 ab

434 1891 594 1933 Orellio
626 1890 871 1933 JGBaitero
911 1894 1059 1933 curata
1091 1891 1235 1932 Turici
1273 1891 1482 1946 impressa
1514 1894 1580 1933 est
1613 1906 1647 1932 a.
1683 1892 1807 1934 1845.
1871 1892 1952 1942 Qui

433 1963 598 2016 primus
631 1977 805 2017 operam
838 1962 955 2004 dedit
984 1977 1072 2004 non
1105 1962 1252 2003 multis
1288 1963 1361 2004 sed
1387 1962 1510 2004 bonis
1538 1962 1606 2003 uel
1633 1963 1806 2016 optimis
1834 1965 1952 2006 codd.

435 2033 688 2075 adhibendis
720 2034 833 2075 inter
865 2049 972 2089 quos
1006 2036 1126 2075 erant
1152 2033 1373 2075 Parisinus
1400 2033 1773 2088 PBambergensis
1807 2035 1833 2076 b
1867 2051 1952 2077 me-

434 2105 602 2159 liorque
655 2120 782 2160 quam
832 2106 1094 2160 posteriores
1146 2105 1371 2159 utriusque
1415 2104 1677 2146 recensionis
1723 2107 1865 2148 extitit
1909 2108 1954 2148 in

435 2177 617 2232 singulis
649 2177 756 2218 locis
788 2177 916 2218 iudex
948 2180 991 2218 et
1023 2177 1204 2232 arbiter,
1245 2176 1432 2231 optimus
1472 2176 1640 2231 fuisset,
1683 2177 1718 2218 si
1755 2192 1842 2219 non
1879 2178 1953 2219 ha-

435 2248 599 2289 buisset
632 2248 885 2290 collationes
920 2249 1141 2304 pessimas.
1202 2246 1328 2290 Solus
1361 2247 1512 2289 deinde
1547 2248 1830 2290 recentiorum
1862 2248 1954 2290 rhe-

435 2318 615 2361 toricam
661 2319 712 2359 ad
752 2319 853 2361 Her.
892 2318 1110 2362 Cornificii
1154 2319 1326 2361 nomine
1366 2322 1560 2361 ornatam
1602 2319 1736 2360 solam
1775 2321 1953 2362 remotis

436 2389 653 2432 Ciceronis
673 2389 794 2431 libris
811 2390 943 2431 edidit
957 2390 1056 2433 C.L.
1067 2391 1312 2433 KAYSERUS
1327 2389 1496 2445 Lipsiae
1513 2390 1626 2432 1854
1642 2390 1752 2444 apud
1774 2391 1954 2432 eundem

436 2461 508 2515 qui
541 2460 650 2502 hanc
682 2461 862 2502 redemit
894 2462 1200 2516 bybliopolam.
1256 2462 1299 2503 Is
1325 2460 1422 2504 XCI
1448 2461 1640 2503 codicum
1673 2461 1876 2503 lectiones
1909 2463 1953 2503 in

437 2534 645 2586 apparatu
673 2531 820 2573 critico
851 2532 1033 2574 obscuro
1068 2535 1110 2573 et
1137 2532 1301 2573 difficili
1335 2533 1567 2574 collocauit
1597 2532 1724 2574 nimis
1757 2534 1953 2588 copiosus

438 2617 616 2657 quarum
639 2603 804 2657 ingenti
827 2603 1042 2659 farragine
1063 2603 1267 2645 iudicium
1293 2604 1387 2645 uiro
1414 2604 1539 2645 docto
1567 2606 1609 2645 et
1641 2605 1785 2659 sagaci
1812 2620 1953 2660 saepe-

437 2689 613 2715 numero
655 2674 935 2728 deprauatum
981 2689 1072 2716 esse
1114 2689 1238 2717 nemo
1284 2675 1520 2717 mirabitur.
1591 2674 1760 2723 Quanto
1801 2677 1952 2718 melius

438 2747 530 2786 erat
561 2760 691 2786 unum
721 2745 1083 2800 Bambergensem
1117 2747 1144 2787 b
1179 2761 1305 2800 quam
1337 2747 1480 2801 potuit
1510 2747 1603 2788 fieri
1636 2747 1953 2789 accuratissime

438 2815 629 2857 conferre
662 2816 764 2857 item
798 2816 1040 2858 Parisinum
1073 2816 1107 2857 P
1140 2818 1240 2872 quia
1270 2817 1433 2859 Halmii
1466 2817 1697 2859 collatione
1730 2818 1886 2860 codicis
1912 2819 1954 2860 H

439 2886 543 2926 satis
576 2887 796 2928 commode
835 2890 1005 2942 poterat
1040 2889 1103 2930 uti
1136 2903 1263 2943 quam
1296 2889 1530 2930 centuriam
1564 2888 1755 2930 codicum
1789 2890 1832 2931 in
1865 2890 1954 2944 qui·

442 2957 518 2998 bus
551 2957 749 2998 uilissimi
782 2962 881 2999 sunt
914 2962 956 2999 et
982 2959 1265 3000 recentissimi
1293 2959 1494 3002 adhibere
1520 2960 1797 3014 neglegenter
1828 2961 1954 3002 colla-
