2003 3116
351 197 405 237 72
914 192 1282 225 PROLEGOMENA.

348 305 447 346 libri
499 302 656 344 sensim
701 301 866 342 rariora
911 302 954 341 et
1003 298 1207 353 pauciora
1257 312 1307 338 ex
1355 297 1506 353 figuris
1557 297 1866 339 sententiarum

350 375 582 428 desumpta.

466 443 545 485 His
573 443 739 484 duobus
774 441 1039 496 argumentis
1074 441 1157 482 alia
1187 440 1395 495 quaedam
1427 442 1611 494 possunt
1637 439 1734 481 addi
1761 454 1868 494 quae

350 514 582 569 separatim
616 513 729 555 dicta
769 513 935 553 minuta
968 515 1010 554 et
1040 512 1210 552 infirma
1242 514 1352 565 sunt,
1393 525 1488 552 cum
1524 510 1740 565 prioribus
1773 525 1868 552 con-

348 588 494 627 iuncta
526 599 614 626 rem
648 585 919 639 perspicuam
952 584 1090 625 facere
1124 583 1333 625 uidentur.
1381 582 1529 624 Veluti
1561 581 1869 632 Quintilianum

349 673 454 712 opus
493 657 599 698 illud
634 656 685 697 ad
718 655 819 696 Her.
853 654 1176 696 adulescentulo
1210 654 1380 696 cuidam
1421 669 1472 696 ex
1510 652 1870 696 commentariolis

349 730 436 771 suis
471 727 678 770 excidisse
717 741 794 767 nec
827 725 1003 780 dignum
1037 740 1128 767 esse
1162 725 1274 780 quod
1307 740 1331 767 a
1364 739 1408 767 se
1446 726 1725 780 usurparetur
1758 723 1872 778 equi-

352 801 447 842 dem
480 802 584 855 puto
618 799 686 840 uel
719 813 768 838 ex
798 799 1017 852 postremo
1045 797 1145 838 libri
1170 795 1232 838 IV
1259 797 1401 850 capite
1432 796 1580 838 statim
1607 795 1873 851 cognouisse.

352 872 583 914 Praeterea
620 870 754 911 libros
799 869 850 910 ad
882 867 983 910 Her.
1016 883 1101 910 non
1140 870 1361 922 tamquam
1399 867 1560 922 publici
1595 867 1700 908 iuris
1738 866 1876 908 factos

294 976 299 981 .
350 944 484 985 fuisse
518 941 589 983 sed
621 941 666 982 in
699 954 822 981 usum
857 939 985 980 amici
1018 941 1059 980 et
1092 939 1266 993 cognati
1298 939 1359 979 ita
1392 939 1656 994 conscriptos
1689 939 1737 978 ut
1762 937 1875 979 intra

353 1016 504 1057 domus
536 1011 839 1054 Herennianae
872 1009 1024 1052 limina
1063 1024 1155 1051 sese
1194 1010 1462 1051 continerent
1499 1008 1878 1052 demonstrabitur:

355 1086 464 1128 unde
491 1084 653 1126 factum
681 1085 747 1124 est
772 1085 820 1124 ut
845 1096 984 1137 neque
1011 1080 1300 1131 Quintilianus
1326 1095 1461 1136 neque
1495 1096 1641 1123 eorum
1674 1079 1746 1135 qui
1777 1083 1876 1135 post

353 1173 449 1199 eum
475 1170 611 1211 neque
637 1154 709 1209 qui
737 1156 835 1196 ante
864 1168 959 1195 eum
988 1156 1111 1195 erant
1138 1154 1363 1209 quisquam
1389 1153 1551 1195 Romae
1577 1153 1661 1194 illis
1689 1154 1879 1194 uteretur

354 1232 427 1271 aut
466 1227 529 1270 uti
567 1229 724 1281 posset.
787 1225 982 1280 Denique
1022 1240 1130 1279 quae
1167 1239 1217 1266 ex
1250 1223 1469 1267 Cornificii
1509 1225 1621 1266 libro
1655 1239 1680 1266 a
1712 1223 1878 1273 Quinti-

353 1302 468 1342 liano
508 1298 745 1340 afferuntur
776 1295 839 1337 IX
871 1296 910 1348 3,
932 1295 987 1337 69
1009 1310 1124 1350 seqq.
1157 1310 1206 1336 ea
1246 1310 1332 1337 non
1371 1295 1517 1336 eadem
1558 1295 1734 1349 praebet
1770 1294 1880 1335 liber

357 1372 409 1414 ad
442 1370 543 1412 Her.
574 1367 636 1410 IV
674 1368 746 1421 14,
767 1368 837 1409 21.
871 1368 940 1421 21,
960 1366 1029 1408 29.
1091 1365 1204 1408 Nam
1237 1366 1308 1408 ille
1340 1366 1480 1407 ‘aliter
1512 1365 1708 1422 quoque',
1739 1365 1880 1420 inquit

358 1443 505 1485 ‘uoces
553 1442 627 1482 aut
671 1439 842 1480 eaedem
887 1438 1056 1480 diuersa
1101 1438 1144 1479 in
1190 1437 1504 1493 significatione
1548 1439 1765 1492 ponuntur
1809 1439 1882 1477 aut

358 1512 640 1569 productione
672 1513 841 1552 tantum
875 1510 943 1551 uel
976 1510 1246 1565 correptione
1286 1511 1493 1551 mutatae:
1532 1509 1645 1565 quod
1677 1507 1807 1549 etiam
1838 1508 1882 1549 in

358 1586 463 1628 iocis
505 1583 708 1639 frigidum
748 1581 943 1636 equidem
982 1581 1093 1622 tradi
1135 1581 1248 1622 inter
1285 1583 1517 1636 praecepta
1556 1580 1688 1622 miror
1720 1594 1881 1621 eorum-

359 1672 439 1712 que
492 1654 688 1709 exempla
737 1652 902 1693 uitandi
953 1652 1097 1706 potius
1150 1667 1277 1707 quam
1321 1651 1519 1694 imitandi
1565 1651 1709 1706 gratia
1752 1665 1882 1705 pono:

359 1727 493 1770 amari
532 1724 763 1767 iucundum
804 1725 887 1778 est,
926 1723 963 1764 si
989 1726 1172 1765 'curetur
1203 1723 1359 1778 nequid
1392 1723 1497 1764 insit
1530 1723 1679 1765 amari.
1741 1722 1884 1764 auium

363 1798 543 1841 dulcedo
583 1797 636 1838 ad
676 1795 819 1837 auium
859 1793 1075 1836 ducit
1121 1793 1373 1836 Cornificius
1418 1794 1528 1835 hanc
1572 1793 1884 1836 traductionem

363 1869 506 1913 uocat’
528 1883 560 1910 e.
582 1883 621 1923 q.
644 1883 673 1909 s.
716 1866 775 1908 At
795 1867 839 1907 in
858 1866 970 1908 libro
992 1866 1045 1907 ad
1066 1865 1166 1907 Her.
1187 1866 1268 1908 hoc
1288 1866 1501 1920 posterius
1530 1865 1771 1920 exemplum
1797 1879 1885 1906 non

368 1942 420 1984 ad
453 1940 764 1982 traductionem
799 1938 983 1993 pertinet
1015 1938 1089 1979 sed
1120 1938 1172 1979 ad
1207 1938 1607 1980 adnominationem
1638 1936 1702 1978 IV
1728 1937 1798 1991 21,
1818 1937 1885 1978 29.

363 2013 480 2062 Quae
519 2014 720 2053 secuntur
761 2009 874 2064 apud
914 2008 1227 2058 Quintilianum
1268 2010 1341 2050 72:
1381 2007 1637 2063 tpessimum
1675 2023 1796 2049 uero:
1834 2023 1887 2049 ne

363 2087 506 2139 patres
546 2082 780 2136 conscripti
824 2080 1051 2122 uideantur
1091 2080 1414 2136 circumscripti.
1477 2094 1575 2122 raro
1614 2080 1775 2133 euenit,
1815 2079 1888 2121 sed

364 2156 643 2198 uehementer
675 2151 823 2205 uenit',
856 2167 1003 2194 eorum
1037 2152 1154 2206 prius
1188 2151 1296 2193 illud
1330 2152 1570 2206 exemplum
1602 2151 1732 2205 paulo
1766 2150 1890 2192 aliter

366 2227 525 2282 legitur
558 2224 839 2267 constitutum
870 2223 923 2265 ad
949 2223 1052 2265 Her.
1071 2222 1134 2264 IV
1154 2224 1225 2278 22,
1246 2223 1303 2265 30
1335 2255 1372 2264 ..
1395 2256 1403 2264 .
1436 2222 1505 2264 ene
1538 2222 1713 2264 omnino
1744 2224 1889 2277 patres

368 2297 599 2352 conscripti
633 2294 945 2351 circumscripti
976 2293 1211 2350 putentur',
1242 2294 1456 2349 posterius
1490 2293 1571 2336 hac
1603 2293 1653 2334 de
1686 2308 1815 2335 causa
1842 2309 1891 2334 ex

368 2367 597 2411 Cornificio
627 2369 846 2421 sumptum
873 2380 963 2407 esse
989 2364 1210 2419 probabile
1238 2368 1316 2420 est,
1343 2364 1456 2418 quod
1482 2364 1535 2406 ad
1555 2363 1655 2406 Her.
1674 2364 1736 2405 IV
1753 2364 1890 2420 19,26

370 2439 539 2494 saepius
578 2438 738 2479 similia
775 2437 850 2478 illa
889 2437 992 2478 satis
1031 2436 1188 2490 frigida
1227 2436 1443 2490 leguntur:
1483 2434 1611 2476 eillud
1649 2435 1813 2477 tardius
1850 2439 1892 2477 et

369 2511 507 2553 rarius
539 2510 670 2560 uenit,
703 2508 784 2549 hoc
817 2507 1006 2549 crebrius
1039 2509 1082 2548 et
1114 2507 1291 2549 celerius
1327 2505 1551 2560 peruenit.'
1608 2504 1731 2555 Quod
1763 2505 1893 2556 Quin-

370 2581 545 2624 tilianus
590 2579 652 2622 IX
692 2581 737 2635 3,
765 2578 820 2621 85
865 2578 918 2620 ad
964 2578 1141 2620 eandem
1188 2578 1371 2632 figuram
1422 2577 1714 2631 explicandam
1765 2592 1893 2632 quam

373 2654 555 2708 scriptor
594 2652 646 2693 ad
685 2650 786 2693 Her.
825 2650 1018 2704 exemplo
1058 2649 1132 2690 illo
1177 2649 1290 2690 ‘esse
1335 2651 1506 2703 oportet
1550 2652 1598 2690 ut
1639 2649 1762 2689 uiuas
1806 2663 1893 2690 non

373 2726 517 2767 uiuere
549 2726 597 2765 ut
629 2721 749 2765 edas'
782 2722 1018 2763 illustrauit
1048 2719 1110 2761 IV
1142 2721 1211 2771 28,
1232 2720 1286 2762 39
1328 2720 1477 2762 attulit
1515 2719 1754 2773 exemplum
1787 2719 1893 2761 enon

376 2799 422 2837 ut
463 2795 585 2836 edam
623 2795 724 2836 uiuo
759 2793 832 2835 sed
864 2796 912 2834 ut
944 2792 1089 2834 uiuam
1122 2791 1235 2845 edo',
1273 2791 1316 2832 id
1355 2790 1596 2845 exemplum
1627 2792 1772 2844 potest
1803 2805 1894 2832 esse

375 2868 633 2909 translatum
668 2869 710 2907 et
743 2880 791 2906 ex
819 2863 981 2905 Graeco
1015 2863 1198 2918 quodam
1233 2862 1404 2904 rhetore
1437 2865 1480 2904 et
1512 2877 1563 2903 ex
1595 2860 1834 2902 Cornificio.

496 2937 647 2992 Itaque
679 2936 760 2977 hoc
792 2937 951 2977 certum
987 2937 1050 2976 est
1083 2932 1299 2975 Cornificii
1337 2933 1493 2974 librum
1526 2933 1646 2973 illum
1679 2946 1762 2986 quo
1794 2947 1895 2974 usus
