2003 3116
670 173 1039 208 PROLEGOMENA.
1594 171 1616 212 7

99 282 199 325 Her.
230 297 317 325 non
358 283 621 338 ignorasset,
664 296 750 324 non
789 282 929 324 solum
968 282 1152 337 singulis
1191 281 1244 323 ad
1283 281 1615 335 comparandum

98 354 204 396 locis
236 369 338 396 usus
371 356 483 396 esset
514 347 595 396 sed
619 354 794 396 omnino
828 368 934 408 opus
965 353 1138 408 plenum
1173 355 1217 394 et
1247 352 1481 407 perfectum
1508 366 1617 393 com-

97 426 309 467 mentario
348 440 498 467 ornare
535 425 759 467 maluisset
797 436 926 479 quam
965 424 1272 479 fragmentum:
1318 437 1425 478 quae
1469 422 1616 464 eadem

97 497 241 538 omnia
286 496 445 538 cadunt
487 496 530 537 in
575 494 776 537 Grillium
821 497 1202 536 commentatorem
1245 495 1318 549 qui
1364 495 1644 550 insequente

96 568 266 610 saeculo
297 567 431 609 libros
464 566 514 608 de
546 566 631 608 inu.
658 566 918 620 explanauit.
967 564 1118 620 Neque
1151 568 1300 607 auctor
1331 566 1533 608 carminis
1566 567 1615 608 de

95 639 243 693 figuris
283 637 395 692 apud
432 636 656 678 Halmium
688 635 808 678 RLM
846 651 885 690 p.
913 636 970 678 63
1008 637 1081 690 qui
1125 638 1303 678 exeunte
1348 637 1516 679 saeculo
1551 637 1615 679 IV

94 723 230 764 neque
262 708 396 750 Iulius
430 706 685 749 Rufinianus
719 707 790 761 qui
829 706 928 748 illus
968 706 1127 748 saeculi
1166 706 1254 748 fere
1291 707 1413 748 initio
1456 708 1614 750 librum

92 779 342 835 perdoctum
375 777 424 820 de
457 778 607 832 figuris
642 778 882 832 composuit
915 776 1053 833 (RLM
1086 792 1126 831 p.
1153 777 1208 819 38
1230 776 1271 818 H
1303 776 1394 819 CIL
1414 778 1453 819 X
1482 777 1614 835 1125)

91 850 201 892 libro
235 850 287 891 ad
319 848 420 891 Her.
452 848 515 891 IV
549 849 615 890 usi
647 851 764 890 sunt:
797 863 897 889 nam
931 862 1038 903 quae
1070 847 1140 889 hic
1172 863 1212 902 p.
1238 848 1294 890 46
1328 848 1452 890 affert
1485 851 1614 892 uerba

91 921 222 963 oratio
255 921 381 963 libera
411 934 534 974 quam
561 919 807 974 Cornificius
840 919 1045 961 licentiam
1076 922 1195 961 uocat
1226 933 1275 961 ea
1308 922 1382 961 aut
1408 934 1457 961 ex
1486 920 1612 970 Quin—

91 993 154 1034 til.
173 991 234 1033 IX
255 993 295 1046 2,
315 992 368 1033 27
398 994 473 1033 aut
505 1006 555 1033 ex
587 991 736 1033 eodem
769 1005 852 1046 quo
886 989 1175 1039 Quintilianus
1207 1005 1309 1032 usus
1343 994 1407 1032 est
1440 995 1612 1034 auctore

93 1066 266 1118 sumpta
298 1077 391 1105 esse
425 1065 617 1118 apparet.
668 1062 750 1104 Sed
776 1063 937 1104 Romae
972 1063 1170 1105 omnibus
1204 1063 1379 1106 omnino
1412 1064 1613 1118 tempori-

27 1186 31 1190 ,
90 1135 168 1177 bus
201 1134 356 1175 librum
390 1149 415 1176 a
446 1134 582 1176 doctis
616 1134 856 1176 adhibitum
897 1149 982 1176 non
1015 1149 1107 1176 esse
1145 1135 1229 1176 iam
1264 1137 1390 1176 antea
1428 1149 1610 1189 pronun-

89 1206 304 1247 tiauimus.

204 1276 441 1332 Postquam
470 1276 756 1320 Constantino
791 1280 963 1319 auctore
997 1278 1116 1319 sedes
1145 1278 1315 1332 imperii
1344 1278 1397 1320 ad
1427 1277 1612 1321 Graecos

88 1349 298 1390 translata
337 1352 402 1390 est
441 1351 483 1390 et
522 1349 600 1390 sub
640 1348 807 1390 Iuliano
847 1349 941 1404 lege
975 1349 1075 1391 data
1116 1349 1323 1404 prohibiti
1358 1352 1458 1391 sunt
1490 1349 1612 1392 Chri-

86 1419 214 1461 stiani
256 1420 546 1462 litteraturam
591 1420 740 1462 docere
781 1422 823 1461 et
862 1420 1096 1462 oratoriam
1140 1420 1392 1476 (Augustin.
1430 1421 1611 1463 confess.

85 1490 194 1532 VIII
214 1491 241 1533 5
279 1490 400 1533 Oros.
425 1490 510 1533 VII
531 1491 586 1533 30
624 1491 839 1533 Ammian.
873 1490 1000 1532 XXII
1035 1492 1106 1545 10,
1130 1493 1152 1533 7
1198 1491 1350 1533 Iulian.
1383 1492 1506 1546 epist.
1533 1492 1609 1548 42)

84 1561 240 1603 mirum
278 1562 322 1610 in
359 1561 532 1604 modum
573 1561 714 1603 studia
751 1562 797 1603 in
841 1563 944 1604 urbe
988 1563 1186 1604 iacebant
1224 1562 1343 1604 cuius
1385 1563 1446 1604 rei
1490 1564 1607 1605 testi-

84 1633 272 1675 monium
311 1633 574 1675 luculentum
614 1636 755 1675 exstat
795 1633 870 1674 illa
909 1648 1036 1688 quam
1082 1648 1209 1688 supra
1246 1633 1419 1675 laudaui
1462 1634 1608 1689 Augu-

83 1704 184 1745 stini
216 1704 402 1759 epistola
432 1705 458 1746 l.
493 1719 523 1746 s.
554 1720 594 1759 p.
614 1704 718 1746 436:
756 1719 838 1758 quo
873 1705 1030 1746 laetius
1064 1705 1108 1747 in
1143 1704 1322 1747 Graecia
1355 1707 1397 1746 et
1428 1705 1471 1746 in
1506 1706 1608 1747 Asia

85 1774 374 1818 effloruerunt.
429 1775 571 1830 Atque
616 1776 779 1831 primus
825 1776 995 1830 quidem
1041 1791 1164 1831 quem
1210 1775 1427 1819 Ciceronis
1472 1777 1606 1819 libros

83 1846 136 1888 ad
173 1846 274 1888 Her.
311 1847 484 1889 nouisse
528 1850 691 1889 certum
736 1850 801 1889 est
839 1846 1130 1902 Hieronymus
1176 1847 1257 1889 fuit
1299 1846 1604 1902 Stridoneusis‚

82 1918 154 1973 qui
186 1932 258 1960 eos
291 1918 357 1960 bis
391 1918 584 1960 laudauit
615 1919 676 1960 ita
708 1921 756 1961 ut
786 1934 871 1961 non
905 1919 1096 1961 dubitem
1124 1920 1226 1974 quin
1256 1919 1300 1960 in
1328 1919 1604 1973 bybliotheca

81 1990 171 2030 eius
210 1989 379 2031 fuerint.
430 1988 579 2044 Neque
620 1990 732 2031 enim
773 1990 1026 2032 mirabimur
1057 2005 1134 2032 nos
1171 1990 1292 2032 illum
1332 1990 1605 2044 potissimum

83 2058 302 2102 Ciceronis
333 2061 467 2103 libros
501 2061 551 2103 ad
587 2060 687 2103 Her.
720 2061 847 2103 modo
885 2062 1083 2104 inuentos
1116 2062 1202 2103 iam
1234 2061 1476 2116 possedisse
1509 2076 1603 2104 cuni

81 2146 208 2185 quam
240 2131 466 2174 immodice
503 2133 624 2174 libris
658 2132 866 2174 Tullianis
907 2147 1081 2188 operam
1113 2133 1276 2175 dederit
1309 2148 1359 2176 ex
1392 2133 1516 2188 epist.
1548 2134 1604 2175 22

81 2201 132 2242 ad
163 2201 442 2244 Eustochium
478 2218 570 2258 cap.
592 2204 649 2245 30
681 2204 787 2245 satis
820 2204 1097 2259 intellegatur
1129 2204 1173 2246 in
1206 2219 1289 2259 qua
1321 2219 1416 2247 cum
1446 2219 1602 2260 magno

81 2272 216 2314 imbre
254 2273 525 2316 lacrimarum
565 2289 656 2316 sese
698 2289 774 2329 per
813 2275 1025 2316 somnium
1054 2290 1077 2316 a
1104 2275 1241 2317 iudice
1274 2275 1418 2317 diuino
1456 2280 1605 2318 narrat

78 2344 338 2400 castigatum
371 2359 463 2387 esse
494 2345 573 2387 hac
605 2359 727 2387 uoce:
760 2344 1080 2388 ‘Ciceronianus
1113 2361 1171 2401 es,
1202 2361 1289 2388 non
1320 2345 1604 2402 Christianus,

77 2414 150 2455 ubi
183 2414 295 2456 enim
328 2415 554 2458 thesaurus
587 2419 706 2472 tuus,
743 2417 804 2458 ibi
836 2432 910 2460 cor
941 2416 1103 2459 tuum!'
1154 2417 1205 2459 In
1245 2418 1347 2459 urbe
1379 2416 1601 2459 Bethleem

76 2484 188 2528 circa
224 2486 353 2528 finem
392 2488 551 2529 saeculi
583 2487 645 2529 IV
677 2502 764 2530 non
804 2489 943 2530 solum
981 2489 1114 2531 sacris
1154 2489 1378 2543 scripturis
1419 2489 1602 2531 uacabat

76 2556 149 2598 sed
187 2557 316 2599 etiam
355 2559 646 2601 saecularibus
685 2562 727 2601 et
764 2563 1018 2616 praeceptor
1062 2560 1365 2616 grammatices
1405 2563 1600 2603 auctores

76 2628 259 2682 gentiles
281 2629 521 2684 exponebat
540 2631 701 2686 pueris:
737 2631 847 2673 conf.
867 2631 1125 2674 OZoeckleri
1146 2632 1434 2687 Hieronymus
1449 2648 1487 2687 p.
1504 2633 1598 2674 156.

74 2699 338 2741 Memoratur
379 2703 521 2743 autem
565 2702 750 2757 primum
795 2703 839 2743 in
882 2703 1040 2744 litteris
1079 2702 1243 2745 Latinis
1288 2703 1502 2745 rhetorica
1546 2704 1597 2745 ad

75 2769 176 2812 Her.
209 2771 253 2812 in
285 2771 553 2826 praefatione
586 2773 881 2815 commentarii
913 2774 957 2815 in
985 2774 1168 2816 Abdiam
1202 2775 1457 2829 prophetam
1486 2789 1597 2817 anno

73 2840 163 2883 fere
195 2842 281 2884 395
314 2843 473 2897 scripta
505 2844 591 2886 uol.
611 2843 735 2886 VIA
769 2860 807 2899 p.
830 2845 913 2887 361
949 2844 1132 2887 Vallars.
1165 2846 1233 2887 his
1267 2846 1427 2888 uerbis:
1460 2844 1596 2888 eDicit

75 2914 118 2953 et
143 2913 308 2955 Tullius
335 2916 435 2956 tuus
469 2914 789 2957 adulescentulo
823 2916 904 2958 sibi
937 2916 1140 2959 inchoata
1172 2917 1381 2972 quaedam
1408 2920 1450 2960 et
1476 2918 1595 2959 rudia

1650 1788 1768 1813 Primus
1789 1790 1868 1814 inter

1627 1824 1732 1849 doctos
1742 1825 1891 1857 Hierony-

1644 1867 1710 1885 mus
1731 1860 1872 1886 adhibuit

1627 1895 1811 1921 rhetoricam
1852 1898 1889 1922 ad

1722 1932 1794 1957 Her.
