2003 3116
285 788 327 818 :36

283 1378 326 1408 37

283 2413 326 2444 38

358 197 413 238 58
938 193 1300 229 PROLEGOMENA

356 306 615 358 καθημερινά,
648 305 797 344 τούτων
824 307 1049 355 μεμνῆσθαι
1076 302 1149 343 οὐκ
1174 304 1385 355 εἰώθαμεν,
1417 303 1498 343 ἐπεὶ
1527 304 1659 345 οὐδενὶ
1684 306 1877 359 πράγματι

357 368 391 405 εἰ
421 365 473 417 μὴ
509 363 579 419 νέῳ
606 363 631 415 ἣ
663 363 875 418 θαυμασίῳ
908 367 1145 415 συγκινεῖται
1171 361 1195 414 ἡ
1223 363 1342 415 ψυχή.
1390 359 1488 402 Ἀλλ’
1510 362 1579 402 ἐάν
1611 380 1646 403 τι
1677 364 1878 418 βλέπωμεν

361 425 382 476 ἦ
414 424 618 473 ἀκούωμεν
650 421 789 474 ἐξόχως
820 421 980 474 αἰσχρὸν
1009 421 1034 473 ὃ)
1065 421 1199 473 καλόν,
1231 421 1491 473 ἀνήκουστον,
1523 421 1631 475 μέγα,
1664 423 1879 477 ἀπίθανον,

356 482 610 528 κινδυνῶδες,
641 484 808 533 γελοῖον,
839 482 981 521 τούτου
1013 481 1076 520 ἐπὶ
1107 482 1208 521 πολὺ
1241 487 1466 534 μεμνῆσθαι
1497 482 1704 534 εἰώθαμεν.
1743 482 1879 523 ’Ἁτινα

356 541 396 580 δὲ
429 540 502 592 πρὸ
536 539 756 592 ὀφθαλμῶν
789 539 980 593 βλέπομεν
1005 539 1031 592 ἢ
1057 540 1267 592 ἀκούομεν,
1298 541 1649 593 ἐπιλανθανόμεθα
1676 543 1876 591 πολλάκις·

355 600 399 639 τὰ
441 598 481 638 δὲ
524 601 727 651 συμβάντα
767 599 809 639 ἐν
845 607 892 654 τῇ
930 601 1090 655 παιδικῇ
1128 598 1278 656 ἡλικία,
1319 600 1381 640 ἐπὶ
1419 601 1575 652 μνήμης
1613 601 1672 641 ἀεὶ
1709 601 1879 654 φέρομεν

358 658 511 712 ἄριστα·
543 660 728 706 πολλάκις
761 658 801 698 δὲ
831 658 923 699 οὐδὲ
950 667 1081 709 ταῦτα,
1114 660 1212 699 διότι
1242 659 1288 699 τὰ
1320 660 1480 711 συνήθη
1506 661 1709 713 πράγματα
1735 663 1879 717 ῥᾳδίως

358 725 426 770 τῆς
465 718 621 770 μνήμης
659 718 993 771 ἐξολισθαίνουσι,
1030 719 1076 758 τὰ
1113 726 1311 772 περιφανῆ
1350 718 1391 759 δὲ
1425 720 1490 759 καὶ
1521 719 1590 759 νέα
1621 719 1662 760 ἐν
1694 728 1739 776 τῇ
1771 728 1879 777 ψυχῇ

360 777 546 830 μένουσιν
585 778 648 817 ἐπὶ
684 777 813 818 πλέον.
866 778 945 826 Τὰς
983 777 1053 830 μὲν
1091 778 1164 832 γὰρ
1202 778 1392 827 ἀνατολὰς
1430 786 1498 819 τοῦ
1535 777 1650 830 ἡλίου
1687 779 1753 820 καὶ
1791 781 1879 833 δρό-

359 853 457 889 μους
489 836 553 876 καὶ
586 838 716 884 δύσεις
748 837 869 877 αὐτοῦ
903 838 1033 885 οὐδεὶς
1064 839 1271 890 θαυμάζει,
1304 839 1361 878 ὅτι
1391 835 1486 878 καθ’
1509 837 1658 891 ἡμέραν
1682 840 1879 892 γίνονται·

358 913 425 944 τας
465 892 501 936 δ’
531 896 722 948 ἐκλείψεις
766 897 888 937 αὐτοῦ
932 898 1206 949 θαυμάζουσιν
1251 914 1302 945 ως
1353 899 1526 945 σπανίως
1571 900 1880 951 συμβαινούσας,

360 956 425 996 καὶ
462 973 529 1003 τας
566 964 635 996 τοῦ
673 955 786 1008 ήλίου
825 955 866 996 δὲ
904 961 1049 1008 μᾶλλον
1086 957 1275 1008 ἐκλείψεις
1311 959 1585 1009 θαυμάζουσιν
1615 956 1641 1029 ᾖ
1675 965 1741 1010 τῆς
1773 959 1881 1010 σελή-

363 1032 453 1067 νης,
492 1016 549 1055 ὅτι
586 1012 701 1056 αὗται
738 1015 1006 1070 συνεχέστεραί
1040 1017 1122 1056 εἰσι.
1172 1018 1358 1057 Διδάσκει
1402 1019 1474 1057 οὖν
1512 1015 1536 1068 ἡ
1575 1018 1696 1068 φύσις
1736 1017 1878 1069 ἑαυτήν

361 1074 519 1128 ὀχλώδει
549 1092 614 1115 και
646 1076 814 1126 συνήθει
845 1077 1039 1129 πράγματι
1071 1076 1123 1128 μὴ
1157 1078 1237 1129 διεγ
1241 1078 1427 1130 είρεσθαι,
1459 1084 1574 1132 καινῇ
1608 1075 1649 1116 δὲ
1680 1077 1745 1116 καὶ
1771 1092 1877 1131 περι-

362 1139 486 1186 φανεῖ
517 1135 593 1175 τινὶ
630 1136 774 1188 πράξει.
827 1135 905 1174 Καὶ
943 1140 1111 1188 μιμεῖται
1148 1136 1219 1187 τὴν
1257 1137 1380 1187 φύσιν
1411 1134 1436 1187 ἡ
1468 1135 1600 1188 τέχνη,
1637 1136 1805 1189 εὑρίσκει
1842 1153 1879 1176 τε

357 1195 449 1247 ὅπερ
475 1192 499 1246 ἡ
527 1195 646 1244 φύσις
678 1196 857 1246 βούλεται
887 1195 952 1234 καὶ
985 1197 1098 1247 ζητεῖ,
1130 1195 1196 1235 καὶ
1229 1194 1357 1235 ἕπεται
1390 1192 1449 1243 οἷς
1482 1195 1773 1235 ὑποδείκνυσιν.
1819 1197 1878 1235 Οὐ

356 1255 427 1306 γάρ
459 1253 576 1304 ἐστιν,
609 1254 701 1306 ὅπερ
733 1253 759 1306 ἢ
790 1258 1007 1294 τελευταῖον
1039 1253 1063 1305 ἡ
1097 1256 1215 1305 φύσις
1249 1251 1360 1307 εὗρεν
1393 1254 1418 1306 ἢ
1449 1261 1604 1308 πρῶτον
1636 1253 1660 1306 ἡ
1688 1255 1877 1307 μέθοδος·

358 1309 440 1352 ἀλλ’
463 1314 506 1352 αἵ
534 1320 610 1353 τῶν
641 1314 877 1366 πραγμάτων
910 1313 1021 1367 ἀρχαὶ
1053 1313 1127 1354 άπὸ
1166 1321 1234 1366 τῆς
1274 1315 1450 1361 διανοίας
1489 1318 1716 1367 προῆλθον,
1754 1315 1798 1354 τὰ
1838 1314 1878 1355 δὲ

357 1372 443 1424 τέλη
475 1373 647 1425 μαθήσει
678 1374 989 1420 συσκευάζονται.
1040 1374 1117 1422 Τὰς
1149 1380 1248 1427 γοῦν
1279 1374 1433 1421 εἰκόνας
1464 1372 1567 1426 ημᾶς
1598 1373 1640 1413 ἐν
1667 1373 1801 1414 ἐκείνω
1828 1379 1880 1414 τῶ

357 1431 459 1485 γένει
491 1438 676 1472 συνιστᾶν
708 1432 887 1485 αριιόσει,
928 1433 1021 1487 ὅπερ
1054 1433 1210 1486 ἔχεσθαι
1240 1433 1305 1473 καὶ
1338 1433 1467 1486 μένειν
1501 1432 1543 1472 έν
1574 1440 1619 1489 τῆ
1653 1450 1788 1490 μνήμῃ
1820 1434 1882 1473 ἐπὶ

357 1496 536 1532 πλεῖστον
569 1493 742 1532 δύναται.
794 1496 918 1532 Τοῦτο
953 1491 994 1532 δὲ
1026 1493 1276 1545 συμβήσεται,
1308 1492 1358 1532 ἂν
1390 1492 1442 1541 ὣς
1476 1493 1638 1544 μάλιστα
1670 1504 1878 1546 σεσημειω-

359 1550 477 1603 μένας
510 1550 738 1625 ὁμοιότητας
771 1552 1074 1604 συστησώμεθα,
1106 1570 1156 1592 αν
1190 1553 1237 1593 οὐ
1269 1553 1412 1600 πολλας
1445 1551 1534 1592 οὔτε
1564 1552 1879 1627 πεπλανημένας,

359 1611 453 1651 άλλά
484 1627 520 1650 τι
550 1612 740 1659 ποιούσας
777 1615 913 1664 θῶμεν
945 1612 1119 1663 εἰκόνας,
1157 1629 1207 1652 αν
1238 1612 1371 1665 ἔξοχον
1409 1613 1627 1665 εὐμορφίαν
1659 1629 1685 1664 η
1717 1612 1878 1666 ἐσχάτην

359 1671 587 1724 αισχρότητα
618 1672 776 1719 ταύταις
807 1672 1076 1724 προσνείμωμε
1061 1689 1116 1723 ν,
1154 1689 1204 1711 αν
1236 1672 1393 1725 πραγμά
1426 1688 1459 1711 τι
1489 1672 1760 1729 κοσιιησωμεν,
1792 1688 1878 1712 οιον

358 1730 384 1782 ὴ
415 1731 623 1782 στεφάνοις
654 1729 680 1782 ἢ
711 1730 847 1782 ἐσθητι
879 1736 1079 1786 πορφυρᾶ,
1115 1732 1180 1771 ἵνα
1211 1731 1400 1783 εὕληπτος
1432 1729 1527 1782 ημῖν
1559 1731 1583 1787 ἠ
1616 1748 1640 1782 η
1676 1730 1876 1783 ὁμοιότης

358 1789 382 1842 ὴ
413 1788 463 1830 άν
495 1805 529 1829 τι
559 1796 718 1843 πρᾶγμα
749 1791 1139 1843 κατασχηματίσωμεν
1171 1791 1349 1866 αἰσχρῶς,
1381 1807 1432 1838 ως
1458 1807 1509 1829 αν
1537 1791 1571 1830 εἰ
1595 1786 1824 1847 ῃμαγμένην
1854 1790 1878 1843 7)

356 1853 467 1905 πηλῷ
499 1848 738 1903 κεχραμένην
769 1866 834 1890 και
866 1849 1218 1903 βεβορβορωμένην
1249 1850 1275 1903 ἢ
1307 1849 1570 1907 ὠβελισμένην
1602 1850 1667 1890 καὶ
1698 1851 1875 1890 κατάστι-

357 1925 449 1950 κτον
481 1910 707 1962 εἰσάγωμεν,
740 1909 805 1949 ἵνα
837 1913 981 1961 μᾶλλον
1014 1909 1301 1962 σεσημειωμένη
1336 1909 1359 1965 ᾗ
1388 1908 1412 1961 ἡ
1446 1910 1577 1949 εἰκών·
1610 1909 1636 1982 ἦ
1668 1909 1717 1950 ἂν
1749 1911 1880 1963 γελοῖά

358 1986 444 2008 τινα
474 1969 678 2022 πράγματα
709 1973 792 2016 ταῖς
825 1969 945 2008 εἰκόσι
969 1971 1275 2043 προσνείμωμεν.
1328 1969 1384 2008 Τα
1411 1976 1568 2009 τοιαῦτα
1593 1969 1657 2022 γὰ
1631 1986 1665 2008 ο
1691 1976 1876 2009 ποιοῦσιν

360 2027 462 2080 «ημᾶς
494 2029 638 2083 ραδίως
671 2032 895 2080 μεμνῆσθαι
927 2029 1143 2069 δύνασθαι
1177 2029 1201 2068 ἃ
1229 2028 1268 2068 δὲ
1299 2028 1430 2080 αληθῆ
1462 2029 1702 2081 τυγχάνοντα
1734 2029 1878 2084 ραδίως

359 2104 412 2135 εις
448 2094 544 2129 νοῦν
575 2087 760 2141 φέρομει,
793 2104 837 2126 τα
870 2088 968 2128 αὐτὰ
1000 2087 1249 2141 πεπλασμένα
1275 2087 1359 2162 μέν,
1391 2087 1577 2140 ἐπιμελῶς
1605 2086 1644 2127 δὲ
1671 2100 1878 2140 σεσημειω-

357 2147 455 2199 μένα
486 2147 551 2187 καὶ
582 2146 678 2187 κατὰ
712 2147 803 2195 τοὺς
835 2146 1064 2201 εἰρημένους
1096 2148 1268 2196 κανόνας
1296 2147 1359 2188 ἐπὶ
1388 2154 1484 2187 νοῦν
1510 2146 1644 2200 φέρειν
1671 2148 1717 2188 οὐ
1745 2149 1876 2200 δυσχε-

358 2206 421 2260 ρές
453 2207 541 2246 ἐστι.
593 2206 706 2258 Πλὴν
739 2206 895 2247 κάκεῖνο
933 2207 1120 2261 προσήκει
1156 2212 1304 2257 ποιεῖν,
1343 2207 1384 2247 τὸ
1416 2207 1511 2246 κατὰ
1543 2206 1609 2246 τὸν
1643 2206 1762 2247 αὐτὸν
1794 2207 1878 2260 τρό-

357 2282 445 2306 πον.
476 2267 568 2314 τοὺς
608 2267 786 2319 πρώτους
826 2266 1012 2315 ἑκάστους
1052 2267 1197 2315 τόπους
1238 2268 1349 2320 χάριν
1388 2273 1456 2307 τοῦ
1496 2266 1775 2306 ἀνακαλεῖσθαι
1811 2266 1879 2315 τὰς

351 2326 505 2374 εἰκόνας
537 2325 678 2379 ταχέως
708 2333 754 2382 τῇ
787 2327 943 2381 διανοίᾳ
974 2333 1129 2379 πρῶτον
1162 2328 1402 2380 διαδραμεῖν.

471 2405 630 2447 XXIII.
679 2403 779 2448 Οἶδα
811 2409 978 2456 πολλοὺς
1005 2415 1082 2448 τῶν
1109 2407 1309 2460 Ἑλλήνων
1340 2409 1569 2462 γράψαντας
1603 2408 1691 2461 περὶ
1723 2409 1879 2461 μνήμης

353 2467 418 2506 καὶ
450 2467 682 2515 διδάξαντας
721 2468 803 2506 δεῖν
835 2471 988 2507 πολλῶν
1027 2468 1152 2521 λόγων
1191 2469 1430 2521 συγγράφειν
1463 2468 1640 2517 εἰκόνας,
1677 2467 1729 2515 ὡς
1761 2467 1810 2507 ἂν
1843 2470 1884 2508 οἵ

355 2527 496 2573 ταύτας
546 2526 812 2579 ἐκμανθάνειν
855 2526 1079 2575 ἐθέλοντες,
1128 2526 1492 2580 παρεσκευασμένας
1536 2526 1705 2579 ἔχοντες,
1755 2526 1879 2579 μηδὲν

355 2592 532 2626 πονῶσιν
557 2585 601 2625 ἐν
627 2593 673 2642 τῇ
699 2587 847 2626 τούτων
874 2587 1041 2638 ζητήσει,
1073 2585 1093 2626 ὃ
1122 2588 1187 2626 διά
1212 2603 1320 2634 τινας
1347 2585 1442 2638 ἡμῖν
1469 2587 1594 2633 αἰτίας
1622 2586 1695 2626 οὐκ
1718 2586 1879 2639 ἀρέσκει.

356 2649 523 2700 Πρῶτον
561 2645 651 2698 μέν,
691 2646 749 2685 ὅτι
786 2650 837 2702 τῷ
877 2652 953 2685 τῶν
986 2647 1111 2699 λόγων
1145 2646 1401 2702 ἀναριθμήτῳ
1439 2646 1584 2697 πλήθει
1621 2646 1771 2698 γελοῖόν
1803 2646 1881 2686 ἐστι

355 2705 421 2752 τὰς
454 2711 531 2745 τῶν
563 2704 688 2759 λόγων
721 2704 934 2758 ἑτοιμάζειν
967 2706 1140 2753 εἰκόνας·
1173 2710 1318 2746 πολλοῦ
1347 2705 1419 2759 γὰρ
1448 2706 1511 2745 δεῖ
1530 2712 1644 2745 τοῦτο
1670 2705 1880 2758 ἐρ’ρῶσθαι,

354 2764 436 2803 ἐπεὶ
473 2764 514 2804 ἐκ
552 2771 621 2816 τῆς
659 2764 823 2818 ἀπείρου
861 2771 937 2804 τῶν
975 2765 1100 2818 λόγων
1137 2766 1320 2817 πληθύος
1359 2772 1434 2804 νῦν
1467 2763 1537 2816 μὲν
1567 2763 1699 2814 ἄλλον,
1730 2771 1806 2803 νῦν
1840 2762 1876 2803 δ’

356 2823 473 2863 ἄλλου
505 2822 609 2875 ἡμᾶς
642 2824 758 2877 λόγου
792 2831 1062 2876 μνημονεῦσαι
1095 2825 1232 2876 δεήσει.
1286 2824 1401 2864 Μετὰ
1434 2823 1474 2863 δὲ
1506 2830 1624 2863 ταῦτα
1655 2824 1694 2862 τί
1723 2823 1775 2874 μὴ
1807 2823 1879 2874 τὴν

356 2889 432 2921 τῶν
471 2884 633 2922 εἰκόνων
673 2884 824 2935 εὕρεσιν
871 2888 922 2939 τῷ
962 2884 1050 2936 περὶ
1089 2892 1210 2924 ταῦτα
1250 2884 1508 2930 σπουδάζοντι
1552 2883 1712 2922 οἴκοθεν
1752 2887 1880 2922 ποιεῖν

357 2941 634 2995 ἐπιτρέψομεν,
676 2941 771 2982 ἀλλὰ
809 2943 938 2983 πάντα
971 2942 1102 2996 ἕτοιμα
1140 2943 1205 2983 καὶ
1241 2942 1495 2995 ἐςεζητημένα
1525 2941 1754 2996 παρέχοντες
1786 2941 1880 2996 ἀγύ-
