2003 3116
360 183 414 224 88
934 181 1299 214 PROLEGOMENA.

358 293 494 333 eudem
521 305 581 331 res
612 288 868 343 proferetur-³
901 289 939 340 ὅ,
959 287 984 327 9
1019 286 1094 327 ‘sic
1126 300 1295 328 mercem
1325 287 1409 341 ipsi
1442 288 1513 341 qui
1547 289 1768 331 uenditant
1800 289 1872 330 ali·
1930 339 1934 343 ι

359 362 467 403 unde
500 359 738 413 exemplum
772 358 1016 413 quaeritant
1046 357 1215 399 mercis.³

477 429 670 484 Denique
698 429 818 470 nulla
843 443 889 470 re
918 428 1054 483 magis
1083 428 1358 483 conspicuum
1384 428 1434 470 fit
1462 429 1622 483 puerile
1655 431 1874 485 scriptoris

359 502 579 556 ingenium
607 515 732 554 quam
759 499 836 540 illa
863 514 946 554 qua
973 499 1223 553 saepissime
1254 499 1389 541 utitur
1421 501 1756 542 commutatione
1782 516 1876 542 uer-

360 573 509 613 borum
531 586 658 625 quam
680 586 730 612 ex
751 570 939 612 doctoris
960 571 1204 625 praeceptis
1219 585 1324 626 quae
1347 574 1447 613 sunt
1464 571 1514 612 de
1530 571 1878 614 adnominatione

359 642 420 683 IV
441 643 507 697 22,
523 643 579 684 30
601 641 725 697 (conf.
750 643 818 697 21,
834 642 888 683 29
910 645 1148 696 temperare
1166 666 1215 671 —-
1240 642 1547 697 obtemperare,
1574 644 1611 696 8,
1636 644 1687 684 12
1714 643 1878 698 excogi-

362 716 453 755 tare
479 738 527 744 —-
552 711 790 770 cogitarit),
817 713 865 754 de
887 713 1098 754 disiuncto
1120 714 1189 767 27,
1210 713 1262 755 37
1287 713 1336 754 de
1357 713 1700 768 frequentatione
1720 714 1764 755 in
1785 729 1878 756 con-

361 785 675 827 tinuationibus
700 785 766 839 19,
787 786 840 826 27
870 784 1067 839 inprimis
1089 784 1138 825 de
1160 785 1512 839 interpretatione
1543 786 1611 839 28,
1631 785 1685 827 38
1706 800 1880 840 prorsus

362 856 600 898 edidicerat.
651 856 792 910 Atque
826 855 1117 905 Quintilianus
1156 855 1246 897 iure
1281 871 1355 897 suo
1394 855 1456 896 IX
1484 857 1522 910 3,
1542 857 1596 898 72
1630 856 1881 898 ‘Pessimum

362 927 497 981 uero’,
528 927 690 982 inquit:
732 926 813 969 ‘Ne
847 929 990 981 patres
1030 927 1260 981 conscripti
1297 927 1525 968 uideantur
1563 927 1884 982 circumscripti.

364 999 480 1040 Raro
506 999 652 1040 euenit
679 998 751 1040 sed
772 998 1047 1040 uehementer
1068 997 1224 1039 uenit':
1251 1013 1430 1053 quorum
1457 999 1745 1053 exemplorum
1765 998 1883 1052 prius

363 1071 424 1111 ita
463 1071 620 1124 legitur
660 1070 711 1111 ad
750 1068 849 1111 Her.
883 1068 945 1111 IV
974 1070 1047 1124 22,
1075 1071 1131 1112 30
1172 1069 1355 1112 ‘Demus
1395 1084 1567 1124 operam
1607 1069 1793 1119 Quirites
1832 1084 1884 1110 ne

363 1141 538 1183 omnino
559 1144 701 1196 patres
721 1142 935 1195 conscripti
955 1142 1251 1195 circumscripti
1276 1141 1505 1196 putentur.²
1533 1141 1730 1183 Alterum
1751 1155 1885 1182 exem-

363 1213 482 1267 plum
501 1213 545 1254 in
567 1213 686 1254 libris
709 1213 760 1254 ad
775 1212 874 1254 Her.
892 1227 1151 1267 quamquam
1172 1227 1259 1255 non
1280 1213 1497 1254 inuenitur
1513 1216 1657 1254 tamen
1672 1227 1723 1254 ex
1738 1210 1886 1254 Corni-

368 1284 462 1325 ficio
496 1284 678 1338 petitum
712 1298 803 1325 esse
830 1284 924 1325 ideo
951 1284 1174 1338 probabile
1209 1286 1274 1325 est
1297 1309 1346 1313 —
1372 1299 1455 1340 qua
1488 1284 1538 1325 de
1569 1299 1613 1325 re
1645 1285 1730 1325 iam
1758 1298 1886 1339 supra

365 1355 530 1411 egimus
564 1370 602 1409 p.
626 1355 678 1397 72
709 1379 758 1384 -
789 1355 887 1409 quia
921 1355 1103 1409 scriptor
1137 1355 1188 1396 ad
1214 1354 1314 1398 Her.
1344 1369 1646 1410 saepenumero
1680 1354 1887 1397 eiusmodi

366 1426 512 1482 figuris
541 1426 678 1467 utitur
706 1427 851 1481 quales
878 1426 922 1467 in
950 1426 1096 1468 schola
1124 1441 1207 1481 qua
1232 1428 1411 1480 uterque
1443 1441 1545 1468 usus
1578 1428 1643 1467 est
1674 1440 1886 1468 commen-

366 1498 459 1539 dari
491 1497 641 1539 solitas
675 1512 766 1539 esse
799 1512 849 1538 ex
880 1497 964 1539 isto
999 1511 1209 1539 consensu
1242 1497 1437 1540 efficitur.
1480 1497 1629 1540 Veluti
1659 1496 1721 1538 IV
1745 1497 1811 1551 19,
1831 1498 1887 1539 26

367 1569 543 1623 legitur:
576 1568 706 1609 ‘Illud
733 1568 895 1610 tardius
923 1571 965 1609 et
990 1569 1128 1610 rarius
1155 1570 1278 1625 uenit,
1311 1569 1391 1610 hoc
1419 1569 1605 1611 crebrius
1639 1571 1682 1609 et
1711 1568 1887 1610 celerius

359 1639 576 1694 peruenit?
634 1639 692 1681 Et
729 1638 794 1681 III
828 1640 872 1695 2,
898 1640 944 1681 2;
990 1638 1061 1680 ‘In
1094 1640 1247 1695 quibus
1293 1641 1432 1682 causis
1478 1640 1538 1681 rei
1576 1641 1731 1681 natura
1764 1639 1890 1692 faciet

370 1711 734 1765 deliberationem,
767 1711 906 1752 omnis
939 1711 1076 1752 oratio
1111 1712 1162 1752 ad
1189 1712 1327 1765 ipsam
1354 1726 1444 1753 rem
1471 1711 1885 1753 adcommodabitur:

368 1783 411 1822 in
446 1782 599 1837 quibus
639 1783 841 1824 extranea
874 1796 1000 1824 causa
1032 1783 1211 1835 conficiet
1249 1782 1616 1825 deliberationem'
1645 1796 1676 1824 e.
1699 1797 1738 1836 q.
1758 1796 1789 1824 s.
1824 1781 1887 1823 IV

369 1853 443 1907 32,
463 1853 537 1895 43:
577 1852 646 1894 ‘ut
685 1867 779 1894 cum
819 1853 1076 1896 desidiosam
1116 1857 1253 1895 artem
1294 1854 1471 1896 dicimus
1513 1854 1613 1908 quia
1653 1853 1888 1895 desidiosos

367 1925 470 1977 facit
507 1926 549 1965 et
586 1923 723 1980 frigus
764 1923 934 1979 pigrum
974 1925 1074 1979 quia
1111 1925 1258 1980 pigros
1296 1924 1439 1978 efficit'
1478 1924 1593 1978 117,
1620 1925 1693 1966 27:
1736 1924 1802 1965 ‘in
1841 1938 1889 1965 ea

369 2009 447 2039 nec
479 1995 590 2037 ratio
625 2010 708 2049 qua
734 2009 779 2036 re
810 1995 958 2037 fecerit
988 1996 1217 2050 quaeritur:
1250 1996 1400 2037 fecisse
1434 1997 1547 2037 enim
1581 1998 1779 2051 negatur:
1812 2010 1889 2037 nec

370 2067 688 2108 firmamentum
715 2067 956 2121 exquiritur,
989 2068 1191 2122 quoniam
1225 2081 1312 2109 non
1339 2067 1485 2108 subest
1517 2066 1642 2108 ratio'
1676 2065 1891 2121 1118‚15:

371 2136 434 2179 eut
467 2137 502 2178 si
536 2137 774 2193 laudemus,
806 2138 920 2179 aliud
951 2138 1088 2193 iuste⁷
1119 2137 1234 2179 aliud
1268 2138 1448 2193 fortiter,
1480 2138 1593 2179 aliud
1627 2137 1816 2179 modeste
1849 2139 1892 2178 et

374 2208 489 2250 aliud
520 2208 750 2263 prudenter
774 2208 934 2251 factum
969 2223 1060 2251 esse
1093 2210 1289 2264 dieamus,
1323 2209 1359 2250 si
1394 2209 1746 2264 uituperabimUS,
1778 2208 1891 2249 aliud

372 2279 539 2333 iniuste,
561 2280 676 2320 aliud
697 2280 937 2322 inmodeste
958 2280 1071 2322 aliud
1093 2281 1250 2336 ignaue
1274 2280 1387 2322 aliud
1409 2280 1537 2322 stulte
1552 2279 1713 2321 factum
1726 2280 1891 2332 praedi-

372 2349 522 2392 eemus’
547 2351 702 2405 2236:
724 2350 851 2393 ‘Solis
873 2354 1045 2393 exortus
1065 2385 1073 2392 .
1089 2385 1097 2393 .
1115 2386 1121 2392 .
1141 2366 1267 2393 nemo
1288 2352 1523 2393 admiratur
1544 2353 1772 2405 propterea
1793 2350 1892 2404 quia

374 2420 529 2464 cotidie
568 2421 695 2463 fiunt:
736 2424 780 2463 at
819 2422 990 2476 eclipsis
1031 2422 1135 2464 solis
1176 2420 1405 2463 mircmtur’
1442 2422 1513 2475 11,
1540 2422 1614 2463 20:
1668 2420 1891 2475 ‘quoniam

375 2492 512 2533 altera
549 2494 701 2533 natura
731 2493 912 2547 paritur,
954 2493 1086 2534 altera
1129 2507 1230 2534 cura
1276 2491 1545 2546 conparatur-²
1591 2492 1744 2546 quibus
1787 2491 1893 2532 haec

375 2563 472 2606 addi
511 2566 680 2617 oportet
717 2563 931 2619 exempla:
974 2566 990 2604 Ι
1021 2563 1181 2619 15,25:
1222 2563 1287 2605 ‘et
1326 2564 1393 2604 uel
1430 2563 1475 2604 in
1507 2563 1726 2604 hominem
1759 2565 1892 2604 traus—

372 2634 545 2687 ferimus
594 2635 661 2676 uel
706 2635 749 2676 in
794 2649 885 2676 rem
931 2636 1175 2690 quampiam
1225 2634 1493 2686 conferimus'
1524 2633 1583 2689 ΙΙ,
1610 2633 1654 2688 8,
1682 2634 1752 2675 12;
1797 2632 1893 2674 ‘aut

376 2707 519 2748 fictam
546 2704 735 2748 fabulam
761 2705 804 2747 in
832 2706 1099 2748 aduersarios
1129 2705 1358 2758 adferemus
1383 2738 1392 2748 .
1414 2739 1422 2746 .
1443 2739 1451 2747 .
1480 2708 1555 2747 aut
1580 2719 1728 2746 uerum
1755 2718 1893 2746 rumo-

377 2792 464 2817 rem
494 2776 750 2830 proferemus
789 2778 861 2832 qui
899 2776 1007 2818 illis'
1036 2792 1068 2819 e.
1091 2792 1126 2832 q.
1149 2792 1179 2818 s.
1219 2776 1285 2818 HI
1314 2777 1380 2831 13,
1408 2777 1480 2817 24:
1520 2774 1794 2818 ‘Cohortatio
1827 2777 1893 2816 est

378 2847 514 2888 oratio
549 2862 655 2901 quae
688 2849 857 2903 aliquod
894 2852 1116 2903 peccatum
1157 2847 1421 2901 amplificans
1455 2847 1693 2888 auditorem
1728 2845 1779 2887 ad
1812 2845 1892 2886 ira-

379 2917 574 2959 cundiam
603 2919 776 2960 adclueit.
822 2918 1086 2973 Conquestio
1120 2922 1185 2960 est
1217 2917 1354 2959 oratio
1388 2932 1494 2972 quae
1527 2915 1891 2958 incommodorum
