2003 3116
446 116 590 148 LIBER
613 116 664 148 IV
688 115 758 160 (v).
811 115 908 149 oAP.
935 116 1085 148 24-25.
1137 117 1155 156 ς
1182 116 1331 149 34-35.
1565 111 1648 153 327

194 222 305 278 quod
337 223 461 278 libet,
495 223 623 277 licet,>
643 225 685 265 et
718 223 830 278 quod
864 223 982 276 licet,
1012 224 1206 277 possunt,
1238 224 1281 264 et
1314 222 1426 277 quod
1457 224 1650 277 possunt,

193 292 367 349 audent,
414 296 456 336 et
494 294 604 349 quod
643 293 818 349 audent,7
861 293 1040 348 faciunt,
1079 295 1123 335 et
1159 293 1271 348 quod
1309 293 1491 349 faciunt,
1526 292 1648 335 uobis

192 365 422 407 molestum
453 380 539 407 non
571 364 685 407 est?'

133 435 261 478 Item:
306 435 424 480 eNon
464 436 578 479 sensi
615 437 713 491 hoc,
758 439 800 478 et
838 451 925 479 non
962 436 1095 489 suasi,
1139 450 1274 490 neque
1313 436 1446 490 suasi,
1484 439 1526 477 et
1562 450 1649 477 non

193 507 283 562 ipse
327 507 467 550 facere
511 508 653 562 coepi,
696 522 832 562 neque
864 507 1014 562 {facere
1060 508 1199 562 coepi,
1250 509 1292 548 et
1343 522 1429 548 non
1478 507 1648 562 perfeci,

190 593 328 634 neque
359 579 535 634 perfeci,
567 581 611 620 et
641 592 727 621 non
759 577 966 633 probaui?

132 660 258 703 Item:
308 661 529 705 ‘Africano
573 662 776 704 uirtutem
818 660 1047 712 industria,
1093 660 1228 702 uirtus
1266 661 1465 716 gloriam,
1511 662 1648 716 gloria

191 734 380 775 aemulos
414 732 692 789 conparauit?

130 815 261 858 Item:
311 816 561 872 ‘Imperium
608 816 810 859 Graeciae
855 816 937 857 fuit
987 829 1116 871 penes
1163 814 1465 866 Athenienses,
1516 813 1648 856 Athe-

79 904 110 927 ω
188 888 399 930 niensium
424 889 554 943 potiti
581 891 680 930 sunt
711 887 963 943 Spartiatae,
992 886 1232 942 Spartiatas
1261 901 1514 941 superauere
1540 885 1646 927 The-

189 959 313 1014 bani,
358 959 586 1002 Thebanos
631 959 884 1001 Macedones
929 959 1144 1012 uicerunt,
1196 958 1268 1013 qui
1318 959 1370 999 ad
1420 958 1647 1012 imperium

188 1028 393 1072 Graeciae
440 1031 561 1072 breui
605 1033 798 1086 tempore
844 1030 1152 1072 adiuncxerunt
1197 1030 1348 1071 Asiam
1395 1029 1506 1070 bello
1552 1030 1646 1070 sub-

189 1101 353 1143 actam?

245 1184 389 1227 Habet
414 1185 460 1226 in
487 1200 530 1227 se
557 1185 768 1242 quendam
794 1186 981 1240 leporem
1010 1184 1242 1239 superioris
1270 1185 1473 1238 cuiusque
1498 1183 1646 1225 crebra
1661 1191 1704 1220 35

76 1271 107 1295 15
127 1256 326 1311 repetitio
359 1257 497 1311 uerbi,
529 1271 637 1311 quae
670 1256 843 1312 propria
876 1258 942 1298 est
973 1256 1098 1297 huius
1133 1254 1435 1297 exornationis.

245 1334 501 1376 Definitio
543 1336 625 1389 est,
670 1349 778 1389 quae
816 1334 877 1375 rei
916 1333 1095 1375 alicuius
1134 1333 1331 1388 proprias
1371 1333 1647 1388 amplectitur

127 1407 362 1459 potestates
395 1406 583 1447 breuiter
617 1407 659 1447 et
691 1406 905 1460 absolute,
936 1405 1017 1447 hoc
1051 1404 1192 1446 modo:

304 1481 531 1525 ‘Maiestas
564 1484 625 1524 rei
656 1484 853 1538 publicae
886 1484 962 1536 est,
994 1483 1037 1524 in
1070 1497 1153 1537 qua
1186 1483 1429 1524 continetur
1459 1482 1645 1537 dignitas

186 1556 228 1594 et
260 1554 495 1608 amplitudo
529 1553 747 1597 ciuitatis.'

242 1738 267 1773 4
293 1737 483 1772 Demosth.
511 1738 556 1772 de
583 1750 655 1773 cor.
681 1742 744 1773 179
771 1767 778 1773 .
808 1767 813 1773 .
844 1767 849 1773 .
878 1734 946 1772 οὐκ
981 1736 1088 1773 εἷπον
1120 1737 1189 1782 μὲν
1220 1741 1357 1780 ταῦτα,
1392 1733 1460 1772 οὐκ
1496 1736 1644 1782 ἔγραψα

125 1790 178 1836 δέ,
206 1787 291 1826 οὐδ’
322 1790 470 1836 ἔγραψα
497 1790 583 1836 μέν,
611 1787 679 1826 οὐκ
714 1789 944 1838 ἐπρέσβευσα
981 1791 1041 1835 δέ,
1075 1789 1158 1826 οὐδ’
1195 1789 1425 1838 ἐπρέσβευσα
1457 1790 1542 1835 μέν,
1578 1787 1644 1825 οὐκ

126 1844 256 1880 ἔπεισα
283 1844 323 1879 δὲ
355 1845 543 1890 Θηβαίους
570 1872 577 1879 .
606 1872 612 1878 .
643 1873 648 1879 .
677 1844 783 1889 (Alex
809 1846 894 1888 περὶ
926 1856 1032 1890 σχημ.
1083 1845 1147 1879 Rc}
1180 1844 1263 1878 VIII
1289 1848 1357 1879 467
1384 1843 1431 1877 W
1454 1843 1566 1878 [1131
1596 1844 1644 1887 Sp

125 1901 194 1935 alii
218 1901 337 1944 multi)
455 1900 473 1934 7
504 1898 657 1941 Quintil.
678 1899 727 1933 IX
748 1903 779 1942 3,
796 1902 839 1933 56
873 1899 967 1933 Sunt
991 1900 1118 1933 tamen
1144 1898 1285 1932 tradita
1311 1899 1349 1932 et
1373 1897 1522 1931 Latina:
1549 1897 1645 1931 Afri-

126 1965 218 1988 cano
251 1953 427 1987 uirtutem
462 1952 660 1995 industria,
699 1952 816 1986 uirtus
855 1951 1013 1997 gloriam
1051 1953 1173 1997 gloria
1211 1952 1374 1986 aemulos
1414 1952 1646 1996 comparauit

124 2007 173 2042 16
206 2007 359 2049 Quintil.
389 2006 439 2040 IX
468 2010 500 2049 3,
523 2009 584 2040 91:
616 2005 751 2040 finitio:
793 2016 878 2040 nam
917 2008 954 2040 et
985 2007 1057 2040 hoc
1091 2005 1308 2041 Cornificius
1342 2006 1452 2048 atque
1486 2005 1644 2040 Rutilius

124 2060 275 2095 schema
300 2058 433 2102 λέξεως
457 2060 593 2103 putant

124 2237 272 2262 sensum
304 2225 430 2260 HPB
475 2236 665 2260 ascensum
695 2226 740 2260 bl
883 2237 916 2269 p.
945 2228 1031 2269 326,
1081 2225 1129 2261 21
1162 2226 1323 2271 reliquas
1354 2238 1419 2271 per
1451 2227 1576 2261 manet
1607 2227 1651 2260 H

126 2280 150 2315 4
176 2291 294 2323 neque
321 2279 427 2314 snaui
453 2279 497 2313 Η
561 2279 649 2325 non]
676 2291 761 2317 cum
789 2280 808 2313 b
877 2278 899 2313 ἴ)
926 2278 1047 2313 facere
1074 2284 1101 2314 Ε
1140 2279 1261 2314 facere
1288 2280 1414 2314 statim
1443 2279 1483 2313 H
1517 2278 1643 2313 statim

123 2334 245 2369 facere
272 2333 432 2368 ΡΠΒΟ
542 2332 669 2377 perfici
688 2332 724 2366 B
832 2333 855 2367 6
880 2332 1009 2377 perfici
1034 2332 1117 2367 ΗΒ
1232 2333 1389 2378 probaui
1415 2343 1534 2377 neque
1561 2342 1644 2377 pro-

125 2386 212 2422 baui
237 2387 263 2422 d
361 2387 379 2421 7
408 2386 584 2421 affricano
610 2387 654 2421 ld
691 2385 849 2421 africani
873 2385 920 2420 Η
1012 2386 1150 2421 uirtute
1177 2385 1362 2421 industria
1388 2387 1432 2420 H
1461 2384 1645 2421 industria

124 2440 301 2475 uirtutem
327 2439 396 2474 EG
482 2439 624 2484 gloriae
651 2439 791 2484 gloriae
818 2439 956 2475 multos
982 2440 1028 2475 Η
1108 2440 1130 2475 8
1158 2440 1379 2485 conparauit
1404 2439 1524 2474 HPG'
1545 2450 1643 2475 com*

124 2493 273 2538 parauit
297 2494 428 2538 reliqui
517 2493 541 2528 9
566 2493 737 2538 graeciae
763 2493 950 2538 (graeciae
978 2492 1168 2539 egregium
1195 2494 1232 2537 (Z)
1251 2496 1279 2526 E
1306 2492 1479 2538 egregiae
1507 2494 1644 2538 (egriae

126 2548 220 2593 0)M
340 2546 547 2582 athenieses
573 2546 633 2581 Η1
670 2546 864 2581 atheniens
895 2547 948 2581 Β1
1070 2547 1119 2582 10
1151 2547 1306 2582 thabeni
1338 2546 1382 2580 Η
1416 2545 1546 2581 tebani
1577 2545 1649 2581 PC

125 2602 173 2638 11
201 2601 382 2636 thabenos
408 2599 453 2634 Η
472 2599 637 2635 hebanos
666 2599 709 2634 0¹
765 2600 1010 2635 machedones
1027 2600 1063 2633 P
1110 2600 1157 2635 12
1184 2611 1315 2644 graoae
1344 2599 1392 2633 Pl
1447 2599 1643 2634 adiuncxe-

125 2657 212 2691 runt
237 2654 308 2690 PG
343 2653 590 2688 adiunxerunt
615 2653 748 2697 reliqui
892 2653 1097 2688 subiectam
1133 2654 1157 2688 d
1302 2652 1351 2688 14
1382 2652 1497 2687 habet
1529 2652 1568 2686 in
1606 2664 1645 2687 se

125 2709 310 2754 quendam
334 2711 362 2741 E
400 2707 547 2742 habetis
579 2706 848 2750 insequendum
879 2709 914 2739 M
1058 2706 1256 2751 superioris
1286 2709 1314 2739 E
1359 2705 1585 2750 superiorem
1610 2710 1646 2739 M

127 2763 229 2798 cuius
258 2761 288 2796 G
359 2761 406 2797 15
441 2771 535 2804 quae
561 2771 617 2795 om
645 2760 674 2794 C
745 2763 830 2804 post
856 2759 1106 2795 exornationis
1132 2760 1206 2795 add
1232 2759 1371 2794 HPB:
1399 2758 1645 2793 DEFINITIO

125 2814 389 2851 MEDIOCRIS
494 2814 543 2849 16
570 2812 752 2848 Diffinitio
785 2818 811 2848 E
850 2812 1000 2848 Diffinio
1027 2813 1072 2848 Η
1186 2825 1242 2848 res
1268 2813 1312 2847 Η
1428 2812 1579 2858 propria
1607 2814 1649 2847 II

128 2869 173 2904 17
201 2870 386 2915 potestate
414 2869 458 2902 Η
599 2867 647 2902 18
680 2867 866 2912 magestas
900 2868 943 2901 H
1082 2866 1254 2912 publicae
1280 2867 1348 2902 Hb
1387 2867 1409 2912 ᾖ
1439 2866 1647 2902 ΡΠΒΟΖιΖ
