2003 3116
658 122 1026 155 PROLEGOMENA.
1543 119 1596 159 51

79 230 138 272 In
163 215 246 284 'quo
280 229 485 285 primum,
525 230 597 284 15,
618 226 762 271 22'In
793 244 875 283 qua
909 229 1112 284 primum,
1150 229 1225 283 30,
1244 229 1298 270 47
1332 228 1389 270 Ινι
1419 241 1501 282 qua
1533 242 1600 269 cu-

79 301 271 355 randum,
306 302 372 352 14,
393 302 448 342 22
482 301 560 342 His
594 301 711 355 locis,
741 300 802 342 IV
829 302 899 355 40,
919 300 975 342 53
1008 301 1052 341 in
1083 315 1215 341 unum
1247 300 1392 353 locum,
1430 299 1517 354 24
1548 299 1600 339 ab

81 386 132 413 ea
154 376 297 428 parte,
337 372 404 414 III
433 373 504 427 10,
527 373 578 414 17
618 372 976 413 translationibus
1007 372 1214 424 partium,
1252 370 1296 412 II
1324 371 1394 424 16,
1416 370 1474 411 24
1505 384 1601 411 con-

79 443 312 485 taminabit
334 456 568 497 personam,
601 443 640 496 2,
661 443 687 484 3
721 442 940 497 expedisse
971 456 1056 493 reo,
1094 443 1164 497 31,
1184 442 1240 483 50
1272 442 1433 484 nostris
1457 441 1602 495 proxi-

79 515 158 556 mis
182 539 230 543 —
253 529 361 570 quae
386 528 464 555 nos
491 528 587 554 cum
615 513 722 555 satis
748 513 977 568 diligenter
1004 513 1184 554 collecta
1210 513 1296 554 sint
1321 514 1365 554 in
1391 511 1601 554 ISimonis

78 585 225 628 libello
264 585 330 626 die
362 584 702 626 Handschriften
743 584 816 625 der
847 583 1059 626 Rhetorik
1099 583 1150 624 ad
1183 583 1283 625 Her.
1317 582 1604 625 Schweinfurt

82 657 194 699 1864
225 656 291 697 hic
323 669 551 711 congerere
582 656 780 697 nolumus
820 655 975 696 omnia.
1029 653 1109 696 Sed
1148 654 1194 695 in
1231 655 1439 696 eiusmodi
1478 669 1602 696 uoca-

78 727 189 769 bulis
217 727 270 768 ab
296 734 331 768 E
359 725 518 768 additis
552 741 659 781 quae
691 729 781 767 tam
813 725 937 767 facile
968 726 1015 766 in
1040 732 1086 767 M
1113 726 1219 767 satis
1251 726 1409 767 inerter
1443 726 1602 779 scripto

76 798 298 853 potuerint
328 798 465 853 perire
498 812 625 852 quam
659 797 712 839 ab
745 804 779 838 E
814 796 1074 839 recensionis
1111 799 1286 838 auctore
1326 797 1504 837 nimium
1537 811 1603 837 cu-

78 870 195 911 cioso
229 869 338 911 adici
371 884 537 911 summa
570 869 767 911 cautione
800 883 908 923 opus
936 883 984 910 ac
1010 867 1240 923 diligentia
1271 882 1324 909 ne
1356 867 1457 922 quid
1489 870 1601 908 recte

75 940 284 982 traditum
322 944 646 982 contemnamus
686 943 760 982 aut
798 940 1032 981 abiciamus
1071 939 1201 980 ueluti
1235 942 1308 980 aut
1347 939 1601 980 uocabulum

78 1012 190 1067 quod
221 1012 264 1053 in
289 1018 335 1054 M
360 1011 490 1053 fuerit
521 1012 545 1053 ἄ
579 1014 678 1053 ante
710 1026 738 1052 a
768 1011 959 1052 litteram
991 1010 1196 1052 facillime
1229 1009 1435 1052 excidisse
1468 1009 1600 1050 mani-

76 1084 236 1125 festum
269 1086 345 1126 est.
395 1082 532 1124 Immo
568 1082 604 1123 si
636 1097 766 1124 causa
793 1082 937 1137 aliqua
962 1082 1203 1135 probabilis
1228 1082 1416 1135 potuerit
1442 1080 1603 1122 adferri

76 1169 204 1209 quare
237 1154 442 1196 exciderit
466 1154 511 1195 in
535 1159 581 1195 M
605 1168 742 1208 neque
775 1154 819 1194 in
849 1153 969 1195 codd.
997 1167 1104 1195 saec.
1130 1151 1192 1193 IX
1219 1153 1286 1193 uel
1312 1152 1350 1193 X
1379 1153 1602 1194 inuentum

79 1226 161 1267 erit
187 1225 392 1280 additum,
423 1239 501 1266 nos
534 1227 684 1267 nostro
717 1225 807 1266 iure
841 1224 1048 1266 eiusmodi
1081 1223 1292 1265 uocabula
1324 1224 1604 1265 seruabimus.

40 1311 43 1313 ’
78 1296 225 1338 Veluti
257 1295 320 1338 IV
348 1297 422 1351 512,
444 1297 499 1338 65
537 1302 582 1337 M
620 1296 789 1337 habuit:
832 1296 917 1338 Ille
958 1309 1049 1337 cum
1091 1309 1240 1349 magno
1282 1296 1433 1349 spiritu
1482 1295 1606 1336 uerba

75 1369 211 1421 inqu-it
245 1382 295 1409 ne
318 1368 445 1422 plane
481 1368 614 1409 uictus
654 1380 796 1421 essem,
828 1367 902 1408 ubi
941 1367 1029 1409 cod.
1065 1366 1307 1408 Turicensis
1340 1365 1374 1407 Τ
1407 1365 1557 1408 Orellii
1589 1370 1607 1406 t

78 1438 265 1494 Kayseri
302 1454 380 1494 pro
417 1439 542 1480 uerba
582 1439 728 1493 posuit
767 1438 1088 1493 elegantissime
1120 1438 1288 1480 uerebar
1321 1438 1374 1478 ab
1408 1437 1604 1478 omnibus

78 1511 195 1552 editt.
221 1511 465 1565 probatum.
513 1509 606 1559 Quo
642 1510 736 1551 loco
769 1524 865 1551 cum
896 1516 931 1550 E
964 1509 1168 1564 praebeat
1200 1509 1323 1551 uerba
1354 1509 1532 1550 meluch&
1564 1511 1607 1549 et

76 1582 200 1624 facile
241 1582 522 1637 intellegatur
555 1581 768 1636 quomodo
807 1581 976 1622 librarii
1009 1580 1098 1622 cod.
1129 1586 1175 1621 M
1206 1581 1353 1622 oculus
1387 1580 1440 1622 ab
1474 1580 1607 1620 altera

76 1653 102 1693 b
137 1653 190 1694 ad
222 1653 401 1694 alteram
437 1652 703 1693 aberrauerit
734 1666 871 1706 neque
903 1652 1026 1693 uerbi
1055 1651 1187 1703 facere
1215 1652 1379 1706 ellipsis
1413 1651 1607 1692 inaudita

77 1724 133 1765 sit
158 1724 203 1764 in
231 1724 387 1765 litteris
413 1722 593 1778 Latinis,
621 1738 700 1779 ego
728 1724 861 1764 malui
889 1738 1059 1765 seruare
1086 1724 1314 1764 lectionem
1342 1723 1386 1764 in
1412 1729 1447 1763 E
1480 1723 1608 1764 tradi-

76 1798 165 1836 tam
211 1809 338 1850 quam
390 1795 555 1836 librarii
600 1794 844 1836 Turicensis
889 1795 1071 1850 probare
1122 1795 1421 1837 coniecturam.
1481 1793 1607 1836 Nunc

75 1866 275 1921 quoniam
316 1881 366 1908 ex
406 1867 466 1908 eis
501 1881 610 1921 quae
644 1866 827 1908 disserui
867 1867 1157 1921 exemplisque
1197 1866 1342 1908 allatis
1381 1864 1605 1920 explanaui

77 1952 185 1992 quae
223 1937 333 1979 ratio
375 1938 431 1979 sit
470 1937 662 1980 codicum
706 1938 809 1979 satis
850 1937 1032 1979 dilucide
1070 1937 1262 1993 intellegi
1300 1940 1461 1992 potest,
1501 1950 1607 1991 quae

76 2009 164 2050 fata
195 2008 355 2051 fuerint
385 2009 593 2051 librorum
621 2009 671 2050 ad
701 2009 801 2051 Her.
827 2009 1096 2063 integrorum
1127 2011 1170 2050 et
1211 2009 1475 2063 expletorum
1509 2008 1607 2050 inde

77 2094 101 2120 a
134 2094 240 2122 saec.
272 2079 356 2121 XII
393 2080 633 2122 accuratius
667 2094 892 2135 exponam.

198 2150 339 2206 Atque
380 2151 808 2206 peruulgatissimum
853 2151 984 2192 fuisse
1029 2151 1187 2192 librum
1233 2151 1284 2192 ad
1323 2151 1423 2193 Her.
1469 2151 1604 2193 denuo

78 2222 303 2264 inuentum
348 2225 391 2264 et
434 2222 522 2263 fere
566 2223 724 2277 ubique
771 2222 963 2277 gentium
1008 2225 1262 2277 usurpatum
1308 2238 1332 2264 a
1369 2223 1605 2265 rhetoricae

80 2293 285 2335 studiosis
318 2293 418 2335 inde
451 2309 476 2334 a
509 2308 616 2335 saec.
646 2293 730 2335 XII
763 2308 895 2349 usque
929 2293 981 2335 ad
1014 2293 1117 2335 XIV
1146 2293 1269 2335 docet
1301 2295 1607 2350 exemplarium

79 2379 186 2419 quae
221 2364 357 2407 adhuc
390 2367 562 2406 exstant
593 2365 826 2407 multitudo
855 2365 1117 2407 incredibilis
1151 2365 1226 2407 illo
1260 2368 1452 2421 tempore
1480 2367 1608 2421 scrip-

78 2439 233 2477 torum.
285 2435 334 2477 In
369 2437 523 2491 quibus
557 2436 669 2492 quod
704 2451 870 2492 semper
901 2436 990 2478 fere
1022 2437 1167 2491 priore
1200 2437 1295 2479 loco
1327 2438 1608 2479 inueniuntur

78 2507 178 2549 libri
219 2507 269 2548 de
308 2508 411 2562 inu.,
450 2508 688 2562 posteriore
728 2509 781 2549 ad
817 2507 937 2559 Her„
976 2508 1018 2549 id
1056 2511 1201 2562 potest
1240 2509 1410 2563 quidem
1449 2509 1606 2550 factum

81 2593 172 2620 esse
210 2577 263 2619 ad
302 2577 628 2620 similitudinem
670 2579 893 2633 archetypi
931 2579 1139 2633 deperditi
1178 2579 1463 2634 integrorum:
1508 2595 1608 2622 casu

81 2650 177 2692 ideo
210 2649 371 2701 factum
404 2663 496 2691 esse
529 2664 613 2691 non
648 2652 804 2704 potest,
838 2650 950 2704 quod
984 2649 1132 2690 eodem
1166 2649 1312 2691 ordine
1345 2651 1431 2691 iam
1460 2651 1557 2692 inde
1585 2666 1609 2692 a

82 2735 189 2762 saec.
228 2719 313 2762 XII
357 2720 420 2761 illi
472 2720 674 2762 dicuntur
723 2735 1044 2774 nonnumquam
1095 2720 1309 2762 rhetorica
1359 2722 1515 2775 prima,
1564 2722 1607 2763 hi

81 2791 296 2833 rhetorica
335 2791 519 2834 secunda
557 2791 691 2832 ueluti
729 2792 772 2832 in
812 2790 1136 2833 cod.Vossiano
1169 2806 1225 2833 no
1262 2792 1345 2833 103
1385 2807 1492 2835 saec.
1525 2792 1608 2834 XII

80 2863 148 2905 uel
179 2862 288 2903 XIII
324 2862 375 2904 de
408 2877 491 2918 quo
523 2862 619 2904 uide
660 2877 789 2917 supra
821 2878 860 2917 p.
893 2864 946 2904 37
981 2863 1103 2904 libris
1137 2862 1187 2904 de
1220 2863 1306 2905 inu.
1337 2864 1607 2920 praepositus

1277 2931 1326 2967 4ss

1625 2152 1669 2178 De
1708 2153 1778 2177 fatis
1818 2152 1891 2177 libri

1625 2189 1737 2218 expleti
1778 2190 1808 2230 et
1847 2189 1890 2213 iu-
