2003 3116
359 200 411 240 74
919 197 1286 230 PROLEGOMENA.

355 308 403 349 de
431 308 513 348 inu.
541 308 643 347 nata
676 319 768 346 esse
795 304 932 345 medio
962 317 1068 345 aeuo
1095 303 1483 346 demonstrauimus
1511 320 1638 360 supra
1664 321 1702 360 p.
1723 306 1791 348 51.
1811 307 1867 348 52

353 379 486 419 ueluti
513 374 743 417 ‘rhetorica
776 373 976 416 secunda'
1002 375 1070 416 uel
1097 373 1241 416 ‘noua'
1267 389 1403 430 neque
1429 375 1534 417 illud
1563 389 1719 418 nomen
1743 377 1868 420 libro-

353 463 445 489 rum
485 447 534 488 de
566 447 650 487 inu.
684 445 796 500 quod
836 460 942 487 saec.
969 445 1031 487 IX
1061 445 1300 488 inuenimus
1340 449 1590 501 usurpatum
1628 447 1673 488 in
1706 447 1868 490 scholio

353 518 441 559 cod.
481 516 512 559 C
552 517 662 558 notis
702 516 945 559 Tironianis
988 517 1227 572 conscripto
1267 517 1339 560 fol.
1379 518 1452 561 3r.
1514 517 1786 561 ‘Victorinus
1824 519 1870 560 in

352 587 511 628 maiore
539 590 631 628 arte
659 586 878 630 Ciceronis
905 588 1024 631 dicit'
1052 603 1085 631 e.
1106 604 1144 643 q.
1165 604 1195 630 s.
1230 590 1457 644 quicquam
1490 589 1605 631 aliud
1636 604 1714 631 nos
1749 590 1868 632 doce-

354 658 415 698 bit
446 658 531 699 nisi
564 672 670 702 saec,
696 658 757 700 IX
790 659 923 701 libros
957 659 1008 701 ad
1043 659 1141 701 Her.
1174 662 1217 701 et
1248 661 1366 702 uisos
1400 675 1492 702 esse
1525 664 1567 702 et
1600 661 1735 703 dictos
1767 675 1870 702 non-

352 729 479 770 nullis
508 731 643 770 artem
675 730 885 771 minorem
911 729 1117 772 M.Tullii.
1168 731 1309 787 Atque
1342 731 1459 773 codd.
1486 731 1562 773 illo
1596 746 1702 774 saec.
1737 732 1868 787 scrip-

351 803 490 841 torum
524 801 858 856 subscriptiones
891 802 935 842 in
968 803 1141 843 nomine
1178 802 1276 844 libri
1306 802 1515 844 fluctuant
1535 817 1629 844 cun]
1650 802 1691 844 H
1711 803 1870 844 habeat

352 871 561 913 ‘M.Tullii
595 870 814 914 Ciceronis
847 872 896 914 ad
932 872 1193 914 Herennium
1220 873 1329 914 liber
1354 872 1418 915 VI
1449 874 1499 915 de
1532 876 1622 915 arte
1654 873 1870 915 rethorica

351 942 558 998 explicit',
596 942 667 984 PB
698 943 856 985 rectius
888 943 1092 985 ‘M.Tulli
1125 943 1342 986 Ciceronis
1376 945 1428 986 ad
1461 944 1727 987 Herennium
1761 945 1870 986 liber

350 1012 412 1054 VI
446 1013 660 1069 explicit':
698 1029 797 1056 nam
835 1014 1036 1056 librarius
1069 1015 1159 1057 cod.
1194 1015 1233 1056 H
1264 1019 1312 1057 ut
1351 1015 1596 1070 genetiuum
1635 1016 1698 1057 ita
1730 1018 1869 1057 totam

351 1085 708 1140 subscriptionem
740 1086 909 1127 uidetur
941 1086 1146 1128 dilatasse
1180 1087 1385 1128 adhibitis
1417 1087 1559 1128 uerbis
1592 1086 1676 1128 illis
1710 1086 1754 1126 in
1786 1086 1870 1127 fine

350 1156 448 1197 libri
480 1156 544 1198 IV
576 1157 747 1211 positis:
786 1157 927 1214 “Ergo
967 1158 1149 1212 amplius
1189 1159 1231 1199 in
1265 1160 1356 1199 arte
1389 1158 1602 1199 rhetorica
1633 1157 1744 1198 nihil
1778 1157 1871 1198 est.²

350 1226 563 1268 Nimirum
590 1228 794 1269 traditam
821 1228 952 1270 fuisse
986 1229 1226 1283 antiquitus
1259 1230 1378 1271 illam
1411 1228 1530 1271 codd.
1555 1227 1626 1269 PB
1661 1228 1871 1283 subscrip-

350 1298 509 1340 tionem
549 1301 728 1353 apparet
767 1300 935 1341 collatis
976 1300 1036 1341 eis
1078 1315 1186 1355 quae
1229 1300 1367 1342 adfert
1392 1300 1638 1341 Priscianus
1672 1314 1721 1341 ex
1748 1299 1869 1340 libris

351 1368 404 1410 ad
440 1368 540 1411 Her.
586 1369 658 1425 qui
695 1370 852 1425 ubique
897 1369 1066 1413 ‘Cicero
1106 1372 1148 1412 in
1181 1371 1223 1412 Π
1262 1371 1314 1413 ad
1346 1370 1461 1412 Her.⁹
1500 1371 1567 1412 uel
1600 1369 1773 1412 eCicero
1819 1371 1872 1411 ad

351 1440 450 1482 Her.
484 1441 594 1482 libro
626 1440 706 1482 III'
741 1442 937 1483 similiter
969 1443 1158 1497 scripsit:
1190 1442 1303 1497 quod
1332 1442 1402 1483 GL
1429 1442 1472 1483 H
1497 1457 1538 1496 p,
1564 1443 1658 1495 104,
1681 1443 1703 1484 7
1733 1442 1871 1483 editur

351 1511 420 1553 ‘ad
452 1512 715 1553 Herennium
747 1513 877 1555 tertio
915 1514 1026 1555 libro
1060 1515 1166 1556 artis
1199 1512 1454 1556 rhetoricae’
1486 1513 1528 1554 id
1562 1528 1611 1554 ex
1643 1513 1872 1568 interpola—

350 1583 470 1625 tione
503 1583 814 1638 amplificatum
848 1599 939 1626 esse
971 1585 1103 1626 trium
1135 1586 1374 1639 uerborum,
1407 1584 1599 1626 codicum
1633 1584 1870 1638 scripturae

356 1655 557 1696 euincunt
600 1655 712 1696 inter
756 1670 799 1697 se
844 1656 1147 1710 discrepantes.
1210 1656 1318 1698 Tum
1366 1670 1472 1711 quae
1519 1656 1629 1710 apud
1670 1655 1872 1696 Rufinum

350 1726 552 1780 leguntur
585 1725 657 1767 GL
689 1725 751 1767 VI
783 1742 821 1780 p.
843 1726 947 1768 568:
988 1726 1157 1769 ‘Cicero
1198 1728 1250 1769 ad
1281 1727 1548 1769 Herennium
1587 1727 1631 1768 in
1664 1730 1754 1768 arte
1795 1726 1870 1768 sic’

350 1811 389 1851 p.
416 1797 520 1838 577:
559 1796 729 1840 ‘Cicero
769 1798 822 1838 ad
854 1797 1116 1840 Herennium
1158 1799 1200 1839 in
1234 1801 1324 1840 arte
1360 1798 1573 1840 rhetorica
1605 1832 1613 1839 .
1635 1832 1671 1841 ..
1706 1798 1786 1840 sic'
1821 1813 1870 1839 ea

352 1867 608 1910 conferenda
648 1871 749 1910 sunt
787 1884 883 1910 cum
922 1869 1238 1925 subscriptione
1272 1869 1359 1912 cod.
1393 1869 1433 1910 H
1472 1872 1514 1910 et
1554 1869 1628 1911 illo
1662 1869 1871 1911 Prisciani

351 1939 443 1980 loco
488 1954 576 1981 non
614 1955 698 1995 quo
743 1940 927 1982 arbitrer
971 1942 1102 1983 uerba
1140 1944 1359 1996 postrema
1398 1941 1736 1982 additamentum
1777 1955 1871 1982 esse

349 2010 534 2065 librarii,
573 2011 644 2052 sed
678 2010 822 2052 Rufini
860 2012 1008 2066 ipsius.
1071 2011 1184 2054 Nam
1217 2015 1405 2054 ueterem
1437 2012 1611 2053 titulum
1643 2011 1774 2052 fuisse
1807 2011 1872 2054 Gi-

351 2095 436 2122 eero
474 2082 530 2123 ad
558 2082 820 2124 Herennium
858 2098 954 2125 cum
993 2097 1043 2125 ex
1082 2084 1187 2125 locis
1220 2083 1476 2138 Hieronymi
1508 2097 1636 2138 supra
1668 2097 1708 2137 p.
1741 2083 1766 2125 S
1801 2083 1871 2124 ad-

351 2151 449 2193 latis
495 2155 587 2194 tum
630 2153 726 2195 inde
772 2157 970 2208 apparet,
1021 2155 1133 2209 quod
1177 2155 1282 2197 haec
1330 2154 1462 2196 uerba
1513 2168 1678 2208 semper
1727 2153 1872 2208 priora

352 2224 617 2266 collocantur
654 2239 790 2279 neque
828 2240 1007 2280 usquam
1047 2226 1206 2281 legitur
1237 2225 1372 2268 Cicero
1404 2227 1449 2267 in
1480 2229 1567 2267 arte
1603 2225 1671 2266 uel
1707 2226 1754 2267 de
1785 2229 1872 2267 arte

349 2295 549 2338 rhetorica
579 2297 636 2338 ad
658 2296 917 2339 Herennium
949 2297 1022 2338 sed
1054 2297 1130 2340 illo
1158 2313 1241 2352 quo
1269 2298 1313 2338 in
1339 2297 1542 2351 exemplis
1570 2311 1698 2350 supra
1725 2296 1870 2338 allatis

352 2380 611 2421 cognoscere
655 2368 755 2408 licet
794 2368 953 2409 ordine.
1015 2368 1160 2410 Etiam
1200 2369 1354 2410 codicis
1388 2367 1620 2409 Laudensis
1664 2367 1789 2408 index
1827 2368 1871 2408 in

354 2438 493 2479 annal.
537 2437 746 2492 philolog.
788 2439 869 2479 uol.
900 2439 979 2480 131
1019 2455 1059 2493 p.
1097 2439 1178 2480 106
1226 2438 1279 2479 ab
1326 2438 1604 2493 Heerdegeno
1650 2440 1870 2479 enarr-atus

353 2511 590 2550 enumerat:
615 2509 929 2550 Rleetorioarum
956 2508 1138 2564 (scribas
1163 2495 1508 2565 Rloetore·oormn):
1535 2510 1591 2551 acl
1614 2508 1870 2550 Herennium

351 2581 565 2622 rhetorica:
603 2581 651 2622 de
688 2583 845 2622 oratore
877 2595 909 2622 e.
938 2595 976 2635 q.
1003 2596 1033 2622 s.
1083 2579 1206 2622 Unde
1240 2580 1422 2621 efficitur
1459 2581 1583 2621 illum
1617 2579 1688 2634 qui
1730 2579 1868 2622 medio

353 2667 459 2694 saec.
486 2651 549 2694 IV
574 2651 733 2693 librum
760 2651 898 2693 denuo
925 2652 1058 2694 edidit
1082 2653 1244 2706 primus
1274 2654 1444 2706 praeter
1471 2649 1686 2693 Ciceronis
1713 2665 1869 2692 nomen

353 2723 461 2764 nihil
487 2722 759 2778 inscripsisse
786 2738 914 2778 quam
940 2723 1047 2764 illud
1072 2724 1129 2764 ad
1145 2723 1404 2765 Herennium
1425 2722 1536 2777 quod
1564 2737 1614 2763 ex
1640 2721 1869 2776 prooemiis

354 2793 620 2848 singulorum
665 2793 874 2835 librorum
917 2795 1118 2835 nouerat:
1163 2807 1215 2834 ne
1259 2807 1516 2847 praenomen
1559 2792 1727 2848 quidem
1773 2792 1869 2832 addi

353 2865 533 2917 putabat
572 2867 782 2919 oportere.
832 2864 967 2906 Vetus
1006 2865 1140 2919 igitur
1178 2864 1303 2905 index
1342 2864 1441 2905 libri
1475 2865 1548 2904 aut
1586 2862 1763 2916 periisse
1797 2866 1870 2904 aut

353 2948 428 2989 per
472 2935 558 2975 uim
605 2935 800 2976 sublatus
846 2950 937 2976 esse
976 2935 1189 2989 putandus
1230 2937 1305 2976 est.
1369 2935 1508 2989 Atque
1548 2948 1696 2975 uerum
1743 2934 1869 2974 certis
