2003 3116
707 120 1078 152 PROLEGOMENA.
1580 118 1601 157 1
1608 118 1662 158 73

142 228 323 270 sociauit
355 227 491 269 ueluti
521 226 566 267 II
591 227 631 281 4,
653 227 675 267 7
711 225 818 266 ‘nisi
851 226 977 268 facile
1009 226 1149 281 quiuis
1183 240 1312 267 causa
1342 225 1486 280 posita
1517 228 1664 280 posset

142 298 350 340 iudicare'
384 297 494 340 conf.
523 298 648 352 7,11.
682 297 720 351 8,
743 297 815 338 12:
846 295 908 337 IV
934 298 974 351 4,
997 298 1019 338 7
1055 297 1119 338 eid
1156 296 1281 338 facile
1322 296 1451 339 faciat
1483 295 1664 352 quiuis':

142 370 243 411 bell.
269 369 398 411 Afric.
418 370 474 411 48
508 368 601 410 Ter.
621 367 723 410 Hec.
745 368 830 426 296
865 365 990 409 Corn.
1010 367 1118 422 Nep.
1143 367 1183 408 X
1209 368 1248 421 9,
1268 368 1306 410 5.
1376 368 1517 417 Quare
1549 371 1663 409 recte

142 441 412 482 emendatum
457 454 550 481 esse
601 439 864 480 arbitramur
908 453 932 479 a
976 438 1114 479 doctis
1160 452 1268 480 saec.
1301 438 1361 480 IX
1417 439 1479 480 IV
1508 440 1579 493 10,
1609 439 1664 480 14

144 510 269 553 ‘uoce
300 512 386 553 ista
417 525 525 565 quae
549 510 748 564 perfacile
777 510 910 551 cuiuis
939 508 1116 550 rubores
1151 509 1283 550 eicere
1315 508 1493 563 potest'‚
1518 510 1593 551 ubi
1618 517 1664 551 M

141 582 293 623 habuit
334 583 400 624 uel
433 582 571 633 fabzde
612 582 745 628 euius,
786 587 821 621 E
859 581 923 622 uel
966 580 1088 632 facile
1135 581 1284 621 cuiuis:
1333 580 1441 622 conf.
1469 580 1553 622 Cic.
1586 596 1662 635 pro

144 652 310 701 Quinct.
339 653 407 706 30,
427 652 482 693 92
517 651 616 693 ‘nos
648 655 843 693 nostram
876 651 1080 706 perfacile
1114 652 1248 692 cuiuis
1275 651 1569 704 probaturos':
1600 652 1664 693 uel

141 726 184 765 et
207 738 285 777 per
315 724 360 764 in
393 723 509 765 codd.
543 723 669 764 facile
701 723 813 764 inter
845 737 889 763 se
921 722 1177 764 commutari
1202 722 1394 776 potuisse
1419 737 1495 777 per
1523 723 1663 764 simile

143 795 439 849 compendium
497 808 697 849 expressa
754 796 932 848 apparet
992 793 1128 834 ueluti
1192 794 1353 834 factum
1418 796 1483 834 est
1542 795 1664 848 Apul.

141 868 311 907 metam.
343 865 381 906 V
402 866 469 907 28.

255 936 500 984 Pronomen
526 936 798 977 indefinitum
831 936 923 989 quis
949 950 1043 976 cum
1069 943 1115 977 M
1146 935 1213 976 his
1242 935 1347 977 locis
1379 935 1662 977 restituimus:

137 1007 200 1049 IV
228 1008 296 1061 30,
316 1008 370 1049 41
406 1007 644 1049 ‘Praeeisio
678 1011 760 1061 est,
799 1021 894 1048 cum
935 1006 1058 1048 dictis
1099 1007 1274 1061 quibus,
1314 1007 1512 1061 reliqum,
1551 1007 1663 1062 quod

142 1081 339 1133 coeptum
381 1082 446 1120 est
484 1078 566 1120 dici
615 1078 871 1132 relinquitur
922 1076 1160 1119 incoatum'
1213 1078 1285 1118 ubi
1335 1078 1579 1131 quibusdam
1616 1084 1663 1131 E,

140 1150 264 1203 falso,
296 1165 395 1191 nam
428 1152 570 1191 exstat
601 1149 685 1190 iam
719 1149 762 1190 in
797 1147 841 1191 C.
883 1148 947 1189 III
973 1150 1017 1202 4,
1040 1150 1062 1190 7
1105 1148 1162 1189 esi
1202 1164 1285 1203 qua
1324 1163 1390 1190 res
1428 1149 1663 1190 honestiori

140 1220 278 1262 ordini
311 1221 479 1274 placeat
511 1254 520 1262 .
553 1255 560 1262 .
594 1254 602 1262 .
636 1223 709 1262 aut
743 1221 896 1275 quibus
930 1220 1091 1273 sociis⁷,
1124 1220 1196 1261 ubi
1230 1220 1437 1273 aliquibus
1461 1227 1510 1275 E,
1541 1220 1664 1274 falso,

143 1292 243 1346 quia
280 1293 364 1333 iam
404 1292 448 1333 in
487 1290 588 1334 OP2
624 1292 853 1333 inuenitur.
891 1290 953 1332 IV
980 1291 1131 1345 5³0,ssss
1173 1291 1319 1332 ‘sicuti
1357 1294 1483 1332 notae
1523 1291 1664 1346 quae',

139 1363 212 1404 ubi
233 1365 433 1416 quaedam
453 1370 500 1417 E,
527 1378 577 1404 ex
603 1363 947 1418 interpolatione,
974 1363 1072 1417 quia
1098 1363 1158 1403 ita
1184 1363 1268 1403 iam
1297 1363 1468 1417 scripsit
1495 1361 1587 1404 (ΕΡ2
1598 1361 1663 1405 B2.

141 1434 193 1475 In
227 1435 410 1489 singulis
448 1435 750 1489 pronominum
789 1434 938 1476 formis
977 1449 1063 1475 non
1103 1448 1174 1475 eos
1215 1448 1369 1488 sequor
1407 1434 1478 1489 qui
1518 1435 1663 1476 omnia

138 1505 191 1546 ad
211 1520 341 1547 unam
364 1506 605 1547 derexerint
625 1506 817 1560 regulam
839 1508 881 1546 et
900 1520 1114 1547 normam:
1135 1521 1234 1546 nam
1257 1506 1514 1560 scriptorum
1538 1505 1662 1547 modo

138 1577 248 1619 hanc
290 1576 414 1618 modo
448 1577 566 1618 illam
606 1577 852 1618 adhibuisse
893 1577 1077 1618 formam
1117 1591 1246 1630 supra
1278 1592 1317 1631 p.
1348 1578 1427 1618 171
1469 1577 1666 1632 exposui-

139 1663 242 1690 mus.
305 1648 454 1689 Veluti
486 1647 547 1689 IV
575 1649 646 1702 41,
666 1648 722 1690 53
757 1649 929 1702 scripsit
961 1648 1114 1689 ‘unum
1149 1648 1310 1702 aliquid
1345 1651 1419 1689 aut
1447 1647 1664 1702 alterum',

138 1718 202 1760 HI
227 1720 370 1775 23,39
405 1718 558 1760 tunum
594 1720 766 1774 aliquod
801 1724 874 1761 aut
906 1719 1124 1773 alterum’,
1162 1719 1181 1760 I
1210 1720 1248 1774 8,
1271 1720 1324 1761 12
1358 1719 1508 1761 ‘unum
1543 1719 1664 1774 quid-

141 1790 258 1844 que’,
283 1790 340 1831 IV
367 1791 434 1841 27,
457 1791 510 1832 37
541 1790 690 1832 ‘unum
719 1790 953 1846 quodqoe',
980 1791 999 1831 I
1021 1792 1059 1845 5,
1081 1793 1105 1833 8
1134 1790 1191 1832 ‘si
1213 1791 1311 1846 quid
1342 1806 1487 1832 eorum
1515 1805 1664 1846 spurce

138 1861 333 1916 factum’,
366 1861 430 1903 III
462 1863 527 1916 14,
548 1863 605 1904 24
631 1861 833 1904 ‘Strenue
861 1863 972 1917 quod
1001 1863 1197 1904 uolumus
1225 1863 1448 1904 ostendere
1475 1861 1664 1903 factum?

260 1931 305 1973 In
325 1934 464 1974 uerbis
481 1935 616 1975 multa
635 1934 913 1976 inueniuntur
926 1934 1147 1975 notabilia.
1174 1933 1266 1976 Nos
1282 1949 1332 1975 ex
1347 1941 1382 1974 Ε
1397 1934 1663 1975 restituimus
1682 1955 1727 1979 DQ
1747 1962 1801 1979 uer
1825 1962 1849 1980 13

138 2003 322 2056 depultus
347 2002 409 2045 IV
439 2004 504 2057 10,
527 2004 592 2058 15,
625 2005 735 2046 conf.
763 2020 893 2059 supra
919 2020 957 2058 p.
981 2006 1049 2058 60,
1077 2019 1127 2045 ex
1152 2011 1197 2045 M
1222 2006 1388 2056 ueritus,
1407 2006 1433 2046 i.
1455 2020 1489 2046 e.
1509 2006 1664 2046 ueritus

137 2087 177 2115 es
197 2075 264 2128 24,
280 2075 351 2116 33:
374 2075 502 2115 etiam
523 2076 592 2129 34,
605 2076 662 2117 45
682 2076 951 2117 reuirdeseeut
969 2075 1056 2116 cod.
1071 2083 1118 2117 M
1133 2076 1389 2130 scripturam
1411 2091 1662 2118 conseruare

141 2145 275 2186 satius
292 2160 383 2186 esse
400 2145 608 2187 duximus.
627 2145 844 2188 Sermonis
860 2147 1123 2188 differentias
1136 2146 1318 2187 dilucide
1331 2148 1469 2188 uoluit
1484 2148 1664 2201 exprimi

141 2230 236 2257 cum
252 2216 311 2257 IV
323 2217 390 2270 30,
404 2217 459 2258 41
477 2217 697 2271 scripserit
716 2216 928 2271 ‘coeptum
946 2220 1010 2259 est
1026 2216 1130 2259 dici'
1150 2218 1326 2272 urbane,
1350 2218 1414 2271 10,
1434 2218 1486 2258 14
1502 2217 1665 2272 ecoepit

142 2287 362 2329 defricari'
378 2302 473 2329 cum
489 2303 617 2330 causa
632 2288 785 2330 friuole
800 2292 842 2329 et
855 2289 1151 2344 neglegenter:
1172 2289 1210 2343 9,
1227 2289 1280 2329 13
1301 2290 1515 2331 descissent
1534 2289 1664 2343 codd„

140 2359 356 2401 discesserit
390 2374 481 2401 nos.
567 2360 1040 2415 Plusquamperfectum
1091 2361 1235 2415 posuit
1281 2376 1357 2414 pro
1414 2361 1664 2415 imperfecto

141 2430 211 2470 uel
243 2430 433 2484 perfecto
465 2430 509 2471 II
537 2431 603 2486 19,
624 2432 679 2473 28
714 2431 994 2473 similitudine
1026 2432 1256 2473 uerborum
1290 2431 1514 2473 adductus:
1548 2431 1665 2473 ‘con-

143 2504 340 2553 sueuerat,
361 2501 397 2541 si
418 2501 509 2542 iure
530 2517 616 2543 non
638 2501 867 2556 potuerat',
888 2503 1008 2543 nulla
1027 2503 1254 2557 perspicua
1275 2517 1403 2544 causa
1425 2506 1663 2544 commotus

141 2572 286 2626 posuit
312 2571 375 2613 IV
402 2570 474 2625 51,
495 2572 550 2613 65
578 2571 910 2627 ‘coeperamus'.
965 2573 1048 2615 Pro
1066 2574 1275 2626 possimus
1301 2574 1446 2628 posuit
1471 2587 1665 2626 queamus

143 2641 207 2683 III
236 2643 303 2698 16,
322 2643 377 2684 29
406 2642 451 2683 in
472 2643 693 2685 enuntiato
721 2643 984 2685 affirmatiuo
1013 2645 1138 2685 sicuti
1166 2643 1398 2686 Sallustius
1419 2644 1664 2686 Vitruuius:

143 2713 216 2764 22,
238 2714 291 2755 37
327 2713 398 2755 ‘ut
435 2713 602 2755 facilius
640 2714 886 2755 meminisse
931 2715 1166 2757 ualeamus'
1211 2716 1431 2769 posuimus
1477 2730 1571 2757 cum
1611 2715 1666 2769 H,

142 2784 293 2839 reliqui
326 2799 473 2827 omnes
507 2785 697 2839 glossam
721 2786 931 2839 possimus
961 2789 1224 2840 receperunt.
1283 2784 1432 2827 Cicero
1465 2786 1509 2827 in
1542 2800 1664 2828 oeco-

143 2855 347 2897 nomicoss
362 2856 425 2897 ed.
439 2855 486 2897 B.
502 2855 553 2897 H.
564 2856 708 2910 posuit
723 2854 874 2911 ‘neque
898 2857 1019 2898 miles
1034 2872 1170 2912 neque
1185 2858 1420 2912 imperator
1436 2857 1663 2911 quicquam
