2003 3116
362 203 418 243 90
942 197 1307 230 PROLEGOMENA.

362 310 423 353 IV
452 310 519 362 34,
544 309 618 349 46:
653 309 698 347 ut
725 306 760 346 si
787 305 881 358 quis
908 303 1115 345 Graccum
1147 335 1157 344 .
1178 337 1186 344 .
1206 336 1215 344 .
1247 303 1357 344 dicat
1386 335 1394 344 .
1415 334 1424 343 .
1446 336 1455 345 .
1488 305 1535 343 ut
1561 303 1596 343 si
1623 303 1716 356 quis
1744 302 1878 344 homi-

363 396 458 422 nem
497 378 725 434 prodigum
758 408 768 418 .
789 408 827 418 ..
859 375 1030 428 appellet
1060 406 1098 415 ..
1118 406 1127 415 .
1158 376 1206 414 ut
1246 374 1282 415 si
1314 388 1437 428 quem
1475 373 1641 428 inpium
1673 404 1682 414 .
1703 407 1740 414 ..
1771 387 1879 415 uoce-

362 464 462 501 mus,
495 449 852 503 intemperantem
885 478 895 487 .
915 478 954 487 ..
986 446 1254 488 ozonn'nemus.
1296 444 1363 486 Ex
1395 444 1542 486 eadem
1573 443 1878 486 consuetudine

361 519 555 562 uariandi
594 517 833 573 explicandi
870 517 916 558 hi
954 517 1053 558 loci:
1097 516 1163 558 III
1191 517 1236 569 2,
1260 517 1285 558 3
1324 515 1490 557 Dicitur
1623 514 1881 569 appellatur:

361 591 468 633 conf.
489 589 510 631 I
529 591 569 645 4,
589 591 614 631 6
648 589 708 630 IV
726 590 792 643 10,
810 588 863 630 15
895 588 995 630 med.
1012 589 1050 642 8,
1068 588 1119 629 11
1153 586 1195 628 II
1219 588 1256 641 7,
1279 588 1349 629 10:
1382 587 1506 642 ‘quae
1526 600 1624 628 uere
1645 586 1879 628 dicerentur.

362 698 368 704 .
392 698 399 704 .
421 696 428 704 .
456 676 562 716 quae
594 661 706 702 falso
731 657 1125 714 prommtiarcntur'
1152 659 1172 700 I
1193 658 1231 713 5,
1253 659 1277 700 8
1312 658 1377 699 ‘in
1404 658 1549 700 odium
1579 658 1785 712 rapiemus
1811 690 1821 700 .
1841 691 1850 700 .
1872 691 1880 698 .

361 733 411 773 ln
443 732 648 774 inuidiam
681 731 914 774 trahemus.
935 765 943 773 .
965 764 974 773 .
1005 730 1054 772 In
1080 730 1439 784 contemptionem
1466 728 1724 772 adducemus'
1747 743 1780 771 e.
1796 744 1833 784 q.
1849 744 1880 771 s.

362 805 402 845 II
433 804 499 858 19,
520 804 574 846 29
608 803 836 845 ‘uideamus
868 835 878 844 .
898 835 936 844 ..
967 800 1269 856 z‘ntelleyawms’
1302 800 1368 842 III
1396 801 1440 855 5,
1461 801 1485 842 9
1527 801 1588 842 ‘si
1620 801 1657 842 is
1690 801 1881 842 timeatur

365 900 414 905 —
440 876 474 917 si
507 890 558 917 ea
586 873 852 928 formidetur'
888 874 955 929 16,
975 874 1031 916 30
1066 872 1323 915 ‘cuiusmodi
1354 873 1470 914 locos
1502 873 1689 914 inuenire
1721 874 1763 913 et
1795 886 1878 926 quo

362 950 487 1002 pacto
525 946 733 1000 reperire&
794 945 1017 988 Postremo
1057 944 1166 987 conf.
1204 944 1282 985 has
1321 943 1584 998 παρισώσεις
1620 942 1684 984 ΙΙΙ
1711 944 1779 996 22,
1806 943 1879 985 36:

363 1019 549 1074 ‘uulgari
594 1021 636 1059 et
681 1018 843 1060 usitata
885 1031 928 1058 rc
968 1031 1055 1058 non
1099 1016 1369 1067 exsuscitari,
1412 1015 1606 1056 nouitate
1646 1017 1688 1055 et
1725 1014 1885 1069 insigni

364 1090 548 1145 quodam
586 1090 739 1144 ozeyotio
778 1088 1058 1131 commoueri'
1101 1088 1175 1128 ubi
1214 1087 1257 1127 in
1298 1087 1432 1128 altero
1472 1087 1664 1128 membro
1703 1101 1779 1140 pro
1824 1099 1886 1127 res

362 1161 621 1203 uocabulum
652 1162 855 1215 weyotc'mn
895 1159 1069 1201 adhibet
1101 1161 1148 1200 ut
1187 1158 1370 1200 adsolet:
1411 1157 1522 1200 conf.
1549 1158 1618 1213 20,
1637 1157 1692 1198 33
1732 1156 1773 1197 Π
1801 1157 1838 1210 5,
1861 1157 1885 1198 8

363 1233 437 1274 ubi
488 1233 613 1274 modo
666 1232 820 1273 dicitur
861 1245 905 1273 fre
948 1234 1174 1284 transacta,
1225 1230 1349 1271 modo
1396 1232 1599 1271 transacto
1643 1229 1798 1282 negyotio
1833 1252 1882 1257 —

362 1304 427 1345 III
455 1304 531 1358 20,
556 1304 611 1345 33
663 1303 843 1344 ‘Rerum
889 1301 1190 1343 similitudines
1234 1302 1521 1353 expriwmmtm·
1553 1335 1590 1342 ..
1612 1332 1621 1341 .
1657 1300 1885 1341 uerborum

367 1374 667 1416 similitudines
694 1372 1010 1416 constitmmtur'
1033 1387 1066 1414 e.
1088 1388 1125 1428 q.
1147 1388 1178 1414 s.
1215 1373 1279 1426 19,
1295 1373 1347 1414 31
1394 1371 1456 1412 IV
1477 1373 1544 1426 38,
1564 1371 1620 1413 50
1647 1373 1749 1412 extr.
1770 1371 1886 1412 alias.

366 1446 485 1488 Haec
523 1446 667 1488 omnia
704 1445 901 1487 uberiore
940 1444 1231 1499 disputatione
1269 1443 1455 1485 tractaui
1493 1442 1605 1497 ideo,
1648 1441 1761 1496 quod
1799 1441 1886 1483 edi-

367 1522 481 1560 tores
514 1518 559 1559 in
592 1517 739 1558 multis
773 1515 982 1558 eiusmodi
1014 1515 1302 1558 locutionibus
1336 1514 1596 1557 offendentes
1627 1513 1786 1555 tradita
1815 1515 1887 1555 aut

368 1589 573 1631 mutanda
604 1603 695 1631 esse
728 1591 933 1643 putarunt
965 1590 1039 1629 aut
1070 1590 1117 1628 ut
1149 1587 1295 1641 spuria
1326 1585 1526 1628 eicienda.

81 1658 350 1724 Dssiu‘gpssffissisfffi
490 1661 611 1710 Quod
642 1660 869 1715 praecipue
901 1674 980 1701 usu
1011 1659 1132 1701 uenit
1163 1659 1204 1700 in
1240 1658 1412 1713 epilogo
1438 1657 1569 1700 totius
1597 1657 1735 1711 operis
1762 1671 1886 1711 quem

363 1733 460 1774 inde
477 1747 500 1773 a
515 1733 695 1774 Grutero
716 1734 764 1772 ut
785 1731 976 1786 spurium
996 1732 1258 1773 notauerunt
1279 1730 1482 1771 editores:
1515 1728 1885 1771 eDemonstratum

363 1807 428 1846 est
448 1804 572 1859 enim,
593 1803 805 1858 quomodo
827 1817 893 1844 res
914 1803 956 1844 in
980 1802 1177 1844 omnibus
1200 1802 1426 1858 generibus
1448 1815 1671 1842 causarum
1692 1800 1882 1841 inuenire

364 1878 576 1930 oporteat3
610 1875 770 1916 dictum
796 1877 872 1928 est,
906 1888 988 1929 quo
1015 1876 1141 1928 pacto
1170 1888 1240 1914 eas
1268 1873 1493 1928 disponere
1521 1872 1767 1925 conueniat,
1797 1873 1880 1913 tra-

363 1947 498 1988 ditum
526 1949 602 2001 est,
636 1961 719 2001 qua
747 1946 913 1987 ratione
947 1948 1058 1987 esset
1090 1944 1472 1999 pronuntiandum3
1504 1947 1780 1998 praeceptum
1808 1946 1883 1995 est,

364 2033 447 2074 qua
472 2018 543 2059 uia
563 2017 810 2059 meminisse
829 2031 1074 2071 possemne,
1102 2016 1446 2058 demonstratum
1467 2017 1544 2069 est,
1571 2015 1723 2069 quibus
1748 2013 1884 2055 modis

362 2089 552 2144 perfecta
585 2088 766 2130 elocutio
799 2090 1112 2143 conpararetur.
1175 2086 1291 2136 Quae
1333 2087 1368 2128 si
1407 2086 1638 2140 sequimur,
1680 2087 1801 2127 acute
1842 2088 1885 2126 et

363 2161 449 2203 cito
487 2160 766 2215 reperiemus,
806 2160 1004 2201 distincte
1043 2162 1085 2200 et
1124 2159 1320 2201 ordinate
1363 2158 1658 2213 disponemus,
1687 2156 1886 2211 grauiter

364 2236 406 2273 et
437 2235 615 2274 uenuste
648 2231 1039 2286 pronuntiabimus,
1076 2231 1195 2271 firme
1235 2233 1277 2272 et
1315 2232 1518 2284 perpetue
1557 2227 1885 2281 meminerimus,

365 2306 512 2345 ornate
544 2306 588 2345 et
620 2303 809 2344 suauiter
840 2303 1100 2356 eloquemur.
1162 2301 1279 2356 Ergo
1320 2300 1504 2355 amplius
1546 2300 1589 2341 in
1622 2302 1711 2341 arte
1745 2298 1883 2340 rheto-

366 2375 456 2416 rica
499 2374 609 2415 nihil
654 2376 730 2415 est.
793 2373 910 2414 Haec
949 2373 1092 2414 omnia
1133 2371 1434 2427 adipiscemur,
1474 2371 1509 2412 si
1548 2371 1735 2412 rationes
1766 2384 1885 2424 prae-

367 2445 577 2499 ceptionis
605 2444 832 2500 diligentia
864 2458 1172 2499 consequemur
1204 2440 1552 2484 exercitationis.⁹
1597 2441 1713 2490 Quae
1740 2441 1884 2482 omnia

367 2516 548 2570 puerilia
580 2518 623 2557 et
654 2515 803 2569 inepta
835 2530 927 2556 esse
959 2529 1085 2556 nemo
1124 2528 1210 2555 non
1248 2513 1473 2555 iudicabit:
1513 2511 1622 2553 falsa
1661 2514 1702 2552 et
1741 2511 1885 2566 spuria

365 2586 592 2628 iudicanda
636 2589 727 2627 tum
773 2586 999 2628 concedam
1045 2585 1081 2626 si
1127 2585 1220 2639 quis
1265 2584 1370 2625 mihi
1416 2584 1484 2625 uel
1532 2598 1662 2625 unum
1707 2582 1882 2624 uerbum

365 2672 449 2699 non
483 2657 712 2699 secundum
745 2672 869 2699 usum
901 2656 1121 2712 scriptoris
1153 2656 1343 2711 positum
1383 2669 1475 2697 esse
1515 2653 1884 2696 demonstrauerit.

367 2728 448 2769 Sed
494 2729 678 2783 plurima
721 2729 868 2769 insunt
910 2728 955 2769 in
997 2728 1078 2770 hoc
1122 2728 1215 2769 loco
1263 2741 1370 2782 quae
1416 2726 1600 2768 maxime
1651 2722 1883 2764 secundum

370 2814 490 2840 usum
519 2800 738 2854 scriptoris
766 2799 1004 2853 composita
1032 2814 1121 2840 esse
1150 2797 1438 2840 demonstrari
1464 2798 1625 2852 potest:
1657 2794 1883 2848 praecipue

367 2873 580 2911 extremae
625 2871 730 2912 duae
777 2870 1016 2911 sententiae
1061 2871 1262 2924 poterant
1312 2881 1580 2910 commonere
1625 2865 1792 2907 criticos
1837 2868 1884 2906 ut

368 2955 519 2982 manus
547 2941 794 2983 abstineant
820 2941 963 2983 uerbis
991 2940 1197 2996 genuinis.
1243 2939 1390 2982 Veluti
1416 2938 1523 2981 nihil
1548 2936 1727 2991 amplius
1750 2935 1881 2977 habes
