<?xml version="1.0" encoding="UTF-8"?>
<!DOCTYPE html PUBLIC "-//W3C//DTD XHTML 1.0 Transitional//EN"
    "http://www.w3.org/TR/xhtml1/DTD/xhtml1-transitional.dtd">
<html xmlns="http://www.w3.org/1999/xhtml" xml:lang="en" lang="en">
 <head>
  <title>
</title>
<meta http-equiv="Content-Type" content="text/html;charset=utf-8" />
  <meta name='ocr-system' content='tesseract 3.04.00' />
  <meta name='ocr-capabilities' content='ocr_page ocr_carea ocr_par ocr_line ocrx_word'/>
</head>
<body>
  <div class='ocr_page' id='page_1' title='image "./incertiauctorisd00marxuoft_0094.png"; bbox 0 0 2003 3116; ppageno 0'>
   <div class='ocr_carea' id='block_1_1' title="bbox 311 194 1240 240">
    <p class='ocr_par' dir='ltr' id='par_1_1' title="bbox 311 194 1240 240">
     <span class='ocr_line' id='line_1_1' title="bbox 311 194 1240 240; baseline -0.003 -11"><span class='ocrx_word' id='word_1_1' title='bbox 311 199 364 240; x_wconf 72' lang='lat'>73</span> <span class='ocrx_word' id='word_1_2' title='bbox 874 194 1240 227; x_wconf 85' lang='lat' dir='ltr'>PROLEGOMENA.</span> 
     </span>
    </p>
   </div>
   <div class='ocr_carea' id='block_1_2' title="bbox 285 298 1832 2988">
    <p class='ocr_par' dir='ltr' id='par_1_2' title="bbox 301 298 1829 1423">
     <span class='ocr_line' id='line_1_2' title="bbox 301 298 1823 353; baseline -0.005 -5"><span class='ocrx_word' id='word_1_3' title='bbox 301 307 522 348; x_wconf 88' lang='lat' dir='ltr'>Polionem</span> <span class='ocrx_word' id='word_1_4' title='bbox 558 303 685 344; x_wconf 84' lang='lat' dir='ltr'>XXII</span> <span class='ocrx_word' id='word_1_5' title='bbox 719 301 763 344; x_wconf 84' lang='lat' dir='ltr'>C.</span> <span class='ocrx_word' id='word_1_6' title='bbox 778 301 1005 353; x_wconf 85' lang='lat' dir='ltr'>Catonem,</span> <span class='ocrx_word' id='word_1_7' title='bbox 1037 298 1215 341; x_wconf 89' lang='lat' dir='ltr'>Caluum</span> <span class='ocrx_word' id='word_1_8' title='bbox 1250 299 1478 340; x_wconf 83' lang='lat' dir='ltr'>admodum</span> <span class='ocrx_word' id='word_1_9' title='bbox 1510 299 1823 341; x_wconf 75' lang='lat' dir='ltr'>adulescentem</span> 
     </span>
     <span class='ocr_line' id='line_1_3' title="bbox 308 369 1826 426; baseline -0.005 -8"><span class='ocrx_word' id='word_1_10' title='bbox 308 377 529 418; x_wconf 77' lang='lat' dir='ltr'>Vatinium</span> <span class='ocrx_word' id='word_1_11' title='bbox 562 375 621 414; x_wconf 89' lang='lat' dir='ltr'>eis</span> <span class='ocrx_word' id='word_1_12' title='bbox 649 372 928 426; x_wconf 88' lang='lat' dir='ltr'>orationibus,</span> <span class='ocrx_word' id='word_1_13' title='bbox 961 385 1066 426; x_wconf 90' lang='lat' dir='ltr'>quas</span> <span class='ocrx_word' id='word_1_14' title='bbox 1093 371 1254 424; x_wconf 87' lang='lat' dir='ltr'>posteri</span> <span class='ocrx_word' id='word_1_15' title='bbox 1281 384 1376 412; x_wconf 89' lang='lat' dir='ltr'>cum</span> <span class='ocrx_word' id='word_1_16' title='bbox 1403 369 1686 411; x_wconf 87' lang='lat' dir='ltr'>admiratione</span> <span class='ocrx_word' id='word_1_17' title='bbox 1712 370 1826 425; x_wconf 86' lang='lat' dir='ltr'>lege-</span> 
     </span>
     <span class='ocr_line' id='line_1_4' title="bbox 306 440 1824 499; baseline -0.005 -11"><span class='ocrx_word' id='word_1_18' title='bbox 306 448 428 499; x_wconf 86' lang='lat' dir='ltr'>bant,</span> <span class='ocrx_word' id='word_1_19' title='bbox 472 447 563 485; x_wconf 89' lang='lat' dir='ltr'>tum</span> <span class='ocrx_word' id='word_1_20' title='bbox 603 443 855 484; x_wconf 70' lang='lat' dir='ltr'><strong>Atratinum</strong></span> <span class='ocrx_word' id='word_1_21' title='bbox 900 456 1033 483; x_wconf 90' lang='lat' dir='ltr'>annos</span> <span class='ocrx_word' id='word_1_22' title='bbox 1077 443 1227 483; x_wconf 88' lang='lat' dir='ltr'>natum</span> <span class='ocrx_word' id='word_1_23' title='bbox 1273 440 1562 495; x_wconf 73' lang='lat' dir='ltr'>septendecim</span> <span class='ocrx_word' id='word_1_24' title='bbox 1605 455 1824 482; x_wconf 81' lang='lat' dir='ltr'>accusasse</span> 
     </span>
     <span class='ocr_line' id='line_1_5' title="bbox 303 511 1824 567; baseline -0.003 -10"><span class='ocrx_word' id='word_1_25' title='bbox 303 516 497 558; x_wconf 86' lang='lat' dir='ltr'>Caelium</span> <span class='ocrx_word' id='word_1_26' title='bbox 539 516 755 555; x_wconf 89' lang='lat' dir='ltr'>oratorem</span> <span class='ocrx_word' id='word_1_27' title='bbox 795 513 1023 555; x_wconf 89' lang='lat' dir='ltr'>secundum</span> <span class='ocrx_word' id='word_1_28' title='bbox 1062 512 1373 567; x_wconf 85' lang='lat' dir='ltr'>Hieronymum</span> <span class='ocrx_word' id='word_1_29' title='bbox 1417 511 1470 553; x_wconf 89' lang='lat' dir='ltr'>ad</span> <span class='ocrx_word' id='word_1_30' title='bbox 1502 511 1664 553; x_wconf 89' lang='lat' dir='ltr'>Abrah.</span> <span class='ocrx_word' id='word_1_31' title='bbox 1700 511 1824 565; x_wconf 81' lang='lat'><strong><em>1996,</em></strong></span> 
     </span>
     <span class='ocr_line' id='line_1_6' title="bbox 305 581 1825 639; baseline -0.004 -11"><span class='ocrx_word' id='word_1_32' title='bbox 305 587 588 628; x_wconf 86' lang='lat' dir='ltr'>Octauianum</span> <span class='ocrx_word' id='word_1_33' title='bbox 619 584 703 626; x_wconf 91' lang='lat' dir='ltr'>XII</span> <span class='ocrx_word' id='word_1_34' title='bbox 739 600 894 626; x_wconf 88' lang='lat' dir='ltr'>annum</span> <span class='ocrx_word' id='word_1_35' title='bbox 929 586 1127 639; x_wconf 87' lang='lat' dir='ltr'>agentem</span> <span class='ocrx_word' id='word_1_36' title='bbox 1160 583 1314 637; x_wconf 83' lang='grc'><strong>31113111,</strong></span> <span class='ocrx_word' id='word_1_37' title='bbox 1346 582 1566 624; x_wconf 87' lang='lat' dir='ltr'>Tiberium</span> <span class='ocrx_word' id='word_1_38' title='bbox 1600 581 1825 624; x_wconf 83' lang='lat' dir='ltr'>Caesarem</span> 
     </span>
     <span class='ocr_line' id='line_1_7' title="bbox 306 653 1824 709; baseline -0.003 -11"><span class='ocrx_word' id='word_1_39' title='bbox 306 672 459 699; x_wconf 86' lang='lat' dir='ltr'>nouem</span> <span class='ocrx_word' id='word_1_40' title='bbox 492 660 640 698; x_wconf 89' lang='lat' dir='ltr'>natum</span> <span class='ocrx_word' id='word_1_41' title='bbox 676 671 810 698; x_wconf 86' lang='lat' dir='ltr'>annos</span> <span class='ocrx_word' id='word_1_42' title='bbox 844 655 1090 697; x_wconf 88' lang='lat' dir='ltr'>defunctum</span> <span class='ocrx_word' id='word_1_43' title='bbox 1124 657 1289 709; x_wconf 89' lang='lat' dir='ltr'>patrem</span> <span class='ocrx_word' id='word_1_44' title='bbox 1323 669 1400 709; x_wconf 88' lang='lat' dir='ltr'>pro</span> <span class='ocrx_word' id='word_1_45' title='bbox 1433 654 1582 695; x_wconf 86' lang='lat' dir='ltr'>rostris</span> <span class='ocrx_word' id='word_1_46' title='bbox 1615 653 1824 694; x_wconf 84' lang='lat' dir='ltr'>laudasse.</span> 
     </span>
     <span class='ocr_line' id='line_1_8' title="bbox 304 723 1825 779; baseline -0.003 -10"><span class='ocrx_word' id='word_1_47' title='bbox 304 728 459 770; x_wconf 83' lang='lat' dir='ltr'>Schola</span> <span class='ocrx_word' id='word_1_48' title='bbox 492 731 637 769; x_wconf 87' lang='lat' dir='ltr'>autem</span> <span class='ocrx_word' id='word_1_49' title='bbox 676 727 862 768; x_wconf 88' lang='lat' dir='ltr'>rhetoris</span> <span class='ocrx_word' id='word_1_50' title='bbox 901 727 1133 768; x_wconf 88' lang='lat' dir='ltr'>utebantur</span> <span class='ocrx_word' id='word_1_51' title='bbox 1169 725 1446 779; x_wconf 71' lang='lat' dir='ltr'>praetextati:</span> <span class='ocrx_word' id='word_1_52' title='bbox 1486 725 1595 766; x_wconf 83' lang='lat' dir='ltr'>conf.</span> <span class='ocrx_word' id='word_1_53' title='bbox 1628 723 1742 765; x_wconf 80' lang='lat' dir='ltr'>Suet.</span> <span class='ocrx_word' id='word_1_54' title='bbox 1775 724 1825 765; x_wconf 88' lang='lat' dir='ltr'>de</span> 
     </span>
     <span class='ocr_line' id='line_1_9' title="bbox 302 794 1826 854; baseline -0.004 -14"><span class='ocrx_word' id='word_1_55' title='bbox 302 800 408 842; x_wconf 89' lang='lat' dir='ltr'>rhet.</span> <span class='ocrx_word' id='word_1_56' title='bbox 431 801 451 841; x_wconf 83' lang='lat'>1</span> <span class='ocrx_word' id='word_1_57' title='bbox 483 800 646 841; x_wconf 87' lang='lat' dir='ltr'>Auson.</span> <span class='ocrx_word' id='word_1_58' title='bbox 671 799 851 854; x_wconf 87' lang='lat' dir='ltr'>profess.</span> <span class='ocrx_word' id='word_1_59' title='bbox 877 798 1052 852; x_wconf 86' lang='lat' dir='ltr'>Burdig.</span> <span class='ocrx_word' id='word_1_60' title='bbox 1073 795 1222 839; x_wconf 88' lang='lat' dir='ltr'>XVIII</span> <span class='ocrx_word' id='word_1_61' title='bbox 1245 798 1266 838; x_wconf 82' lang='lat'><strong>7</strong></span> <span class='ocrx_word' id='word_1_62' title='bbox 1296 812 1333 851; x_wconf 92' lang='lat' dir='ltr'>p.</span> <span class='ocrx_word' id='word_1_63' title='bbox 1357 796 1412 838; x_wconf 78' lang='lat'>65</span> <span class='ocrx_word' id='word_1_64' title='bbox 1444 796 1598 851; x_wconf 88' lang='lat' dir='ltr'>Peiper</span> <span class='ocrx_word' id='word_1_65' title='bbox 1623 794 1748 837; x_wconf 91' lang='lat' dir='ltr'>XVII</span> <span class='ocrx_word' id='word_1_66' title='bbox 1771 795 1826 836; x_wconf 78' lang='lat'>10</span> 
     </span>
     <span class='ocr_line' id='line_1_10' title="bbox 302 866 1825 925; baseline -0.002 -15"><span class='ocrx_word' id='word_1_67' title='bbox 302 887 341 925; x_wconf 87' lang='lat' dir='ltr'>p.</span> <span class='ocrx_word' id='word_1_68' title='bbox 362 872 437 912; x_wconf 82' lang='lat'>64:</span> <span class='ocrx_word' id='word_1_69' title='bbox 465 870 635 925; x_wconf 71' lang='lat' dir='ltr'>epueros</span> <span class='ocrx_word' id='word_1_70' title='bbox 658 903 666 912; x_wconf 91' lang='lat'>.</span> <span class='ocrx_word' id='word_1_71' title='bbox 687 903 695 911; x_wconf 93' lang='lat'>.</span> <span class='ocrx_word' id='word_1_72' title='bbox 716 903 723 910; x_wconf 93' lang='lat'>.</span> <span class='ocrx_word' id='word_1_73' title='bbox 746 869 943 911; x_wconf 86' lang='lat' dir='ltr'>formasti</span> <span class='ocrx_word' id='word_1_74' title='bbox 970 871 1129 909; x_wconf 86' lang='lat' dir='ltr'>metam</span> <span class='ocrx_word' id='word_1_75' title='bbox 1156 882 1288 922; x_wconf 88' lang='lat' dir='ltr'>prope</span> <span class='ocrx_word' id='word_1_76' title='bbox 1315 868 1489 922; x_wconf 86' lang='lat' dir='ltr'>puberis</span> <span class='ocrx_word' id='word_1_77' title='bbox 1518 867 1639 909; x_wconf 88' lang='lat' dir='ltr'>aeui.&#39;</span> <span class='ocrx_word' id='word_1_78' title='bbox 1679 866 1825 908; x_wconf 88' lang='lat' dir='ltr'>Veluti</span> 
     </span>
     <span class='ocr_line' id='line_1_11' title="bbox 303 937 1826 995; baseline -0.003 -12"><span class='ocrx_word' id='word_1_79' title='bbox 303 942 473 984; x_wconf 88' lang='lat' dir='ltr'>Persius</span> <span class='ocrx_word' id='word_1_80' title='bbox 506 942 604 983; x_wconf 89' lang='lat' dir='ltr'>inde</span> <span class='ocrx_word' id='word_1_81' title='bbox 638 957 662 982; x_wconf 88' lang='lat' dir='ltr'>a</span> <span class='ocrx_word' id='word_1_82' title='bbox 694 940 778 982; x_wconf 88' lang='lat' dir='ltr'>XII</span> <span class='ocrx_word' id='word_1_83' title='bbox 812 955 945 995; x_wconf 88' lang='lat' dir='ltr'>usque</span> <span class='ocrx_word' id='word_1_84' title='bbox 979 940 1029 981; x_wconf 91' lang='lat' dir='ltr'>ad</span> <span class='ocrx_word' id='word_1_85' title='bbox 1064 939 1166 981; x_wconf 91' lang='lat' dir='ltr'>XVI</span> <span class='ocrx_word' id='word_1_86' title='bbox 1200 954 1358 980; x_wconf 91' lang='lat' dir='ltr'>annum</span> <span class='ocrx_word' id='word_1_87' title='bbox 1394 953 1475 993; x_wconf 91' lang='lat' dir='ltr'>quo</span> <span class='ocrx_word' id='word_1_88' title='bbox 1509 953 1533 979; x_wconf 92' lang='lat' dir='ltr'>a</span> <span class='ocrx_word' id='word_1_89' title='bbox 1561 937 1750 980; x_wconf 86' lang='lat' dir='ltr'>Cornuto</span> <span class='ocrx_word' id='word_1_90' title='bbox 1782 937 1826 977; x_wconf 90' lang='lat' dir='ltr'>in</span> 
     </span>
     <span class='ocr_line' id='line_1_12' title="bbox 302 1009 1829 1068; baseline -0.001 -17"><span class='ocrx_word' id='word_1_91' title='bbox 302 1013 626 1068; x_wconf 85' lang='lat' dir='ltr'>philosophiam</span> <span class='ocrx_word' id='word_1_92' title='bbox 648 1013 845 1053; x_wconf 86' lang='lat' dir='ltr'>inductus</span> <span class='ocrx_word' id='word_1_93' title='bbox 869 1014 933 1053; x_wconf 87' lang='lat' dir='ltr'>est</span> <span class='ocrx_word' id='word_1_94' title='bbox 954 1011 1118 1052; x_wconf 87' lang='lat' dir='ltr'>audiuit</span> <span class='ocrx_word' id='word_1_95' title='bbox 1138 1011 1351 1052; x_wconf 87' lang='lat' dir='ltr'>rhetorem</span> <span class='ocrx_word' id='word_1_96' title='bbox 1364 1009 1618 1064; x_wconf 88' lang='lat' dir='ltr'>Verginium</span> <span class='ocrx_word' id='word_1_97' title='bbox 1635 1009 1829 1057; x_wconf 86' lang='lat' dir='ltr'>Flauum,</span> 
     </span>
     <span class='ocr_line' id='line_1_13' title="bbox 302 1078 1826 1137; baseline -0.003 -12"><span class='ocrx_word' id='word_1_98' title='bbox 302 1087 350 1125; x_wconf 84' lang='lat' dir='ltr'>ut</span> <span class='ocrx_word' id='word_1_99' title='bbox 383 1085 425 1126; x_wconf 92' lang='lat' dir='ltr'>in</span> <span class='ocrx_word' id='word_1_100' title='bbox 459 1085 550 1125; x_wconf 88' lang='lat' dir='ltr'>uita</span> <span class='ocrx_word' id='word_1_101' title='bbox 582 1083 672 1125; x_wconf 88' lang='lat' dir='ltr'>eius</span> <span class='ocrx_word' id='word_1_102' title='bbox 712 1083 897 1124; x_wconf 86' lang='lat' dir='ltr'>traditur</span> <span class='ocrx_word' id='word_1_103' title='bbox 930 1081 1103 1124; x_wconf 80' lang='lat' dir='ltr'>Sueton.</span> <span class='ocrx_word' id='word_1_104' title='bbox 1133 1098 1173 1137; x_wconf 80' lang='lat' dir='ltr'>p.</span> <span class='ocrx_word' id='word_1_105' title='bbox 1196 1082 1249 1123; x_wconf 79' lang='lat'>73</span> <span class='ocrx_word' id='word_1_106' title='bbox 1266 1081 1318 1135; x_wconf 83' lang='lat' dir='ltr'>R,</span> <span class='ocrx_word' id='word_1_107' title='bbox 1359 1080 1414 1123; x_wconf 89' lang='lat' dir='ltr'>M.</span> <span class='ocrx_word' id='word_1_108' title='bbox 1441 1080 1609 1121; x_wconf 87' lang='lat' dir='ltr'>Tullius</span> <span class='ocrx_word' id='word_1_109' title='bbox 1642 1080 1697 1121; x_wconf 90' lang='lat' dir='ltr'>M.</span> <span class='ocrx_word' id='word_1_110' title='bbox 1724 1079 1751 1120; x_wconf 89' lang='lat' dir='ltr'>f.</span> <span class='ocrx_word' id='word_1_111' title='bbox 1779 1078 1826 1127; x_wconf 82' lang='lat' dir='ltr'>Q.</span> 
     </span>
     <span class='ocr_line' id='line_1_14' title="bbox 302 1151 1826 1208; baseline -0.003 -12"><span class='ocrx_word' id='word_1_112' title='bbox 302 1155 468 1196; x_wconf 89' lang='lat' dir='ltr'>Tullius</span> <span class='ocrx_word' id='word_1_113' title='bbox 489 1154 536 1204; x_wconf 78' lang='lat' dir='ltr'>Q.</span> <span class='ocrx_word' id='word_1_114' title='bbox 557 1155 584 1196; x_wconf 87' lang='lat' dir='ltr'>f.</span> <span class='ocrx_word' id='word_1_115' title='bbox 605 1154 830 1196; x_wconf 83' lang='lat' dir='ltr'>Cicerones</span> <span class='ocrx_word' id='word_1_116' title='bbox 858 1168 969 1196; x_wconf 90' lang='lat' dir='ltr'>anno</span> <span class='ocrx_word' id='word_1_117' title='bbox 999 1153 1155 1208; x_wconf 73' lang='lat' dir='ltr'>700s54</span> <span class='ocrx_word' id='word_1_118' title='bbox 1182 1155 1433 1194; x_wconf 77' lang='lat' dir='ltr'>exercentur</span> <span class='ocrx_word' id='word_1_119' title='bbox 1459 1152 1571 1206; x_wconf 87' lang='lat' dir='ltr'>apud</span> <span class='ocrx_word' id='word_1_120' title='bbox 1592 1151 1826 1193; x_wconf 88' lang='lat' dir='ltr'>Paeonium</span> 
     </span>
     <span class='ocr_line' id='line_1_15' title="bbox 302 1222 1827 1278; baseline -0.003 -11"><span class='ocrx_word' id='word_1_121' title='bbox 302 1226 519 1268; x_wconf 90' lang='lat' dir='ltr'>rhetorem</span> <span class='ocrx_word' id='word_1_122' title='bbox 559 1228 731 1267; x_wconf 90' lang='lat' dir='ltr'>auctore</span> <span class='ocrx_word' id='word_1_123' title='bbox 770 1224 826 1267; x_wconf 86' lang='lat' dir='ltr'>M.</span> <span class='ocrx_word' id='word_1_124' title='bbox 855 1223 1060 1266; x_wconf 84' lang='lat' dir='ltr'>Cicerone</span> <span class='ocrx_word' id='word_1_125' title='bbox 1100 1227 1223 1278; x_wconf 87' lang='lat' dir='ltr'>patre</span> <span class='ocrx_word' id='word_1_126' title='bbox 1263 1224 1315 1265; x_wconf 87' lang='lat' dir='ltr'>ad</span> <span class='ocrx_word' id='word_1_127' title='bbox 1353 1222 1400 1272; x_wconf 80' lang='lat' dir='ltr'>Q.</span> <span class='ocrx_word' id='word_1_128' title='bbox 1426 1223 1603 1265; x_wconf 87' lang='lat' dir='ltr'>fratrem</span> <span class='ocrx_word' id='word_1_129' title='bbox 1641 1222 1707 1264; x_wconf 90' lang='lat' dir='ltr'>III</span> <span class='ocrx_word' id='word_1_130' title='bbox 1733 1223 1772 1276; x_wconf 79' lang='lat'>3,</span> <span class='ocrx_word' id='word_1_131' title='bbox 1799 1222 1827 1262; x_wconf 82' lang='lat'>4</span> 
     </span>
     <span class='ocr_line' id='line_1_16' title="bbox 303 1292 1828 1348; baseline -0.003 -10"><span class='ocrx_word' id='word_1_132' title='bbox 303 1312 399 1339; x_wconf 89' lang='lat' dir='ltr'>cnm</span> <span class='ocrx_word' id='word_1_133' title='bbox 432 1297 505 1338; x_wconf 86' lang='grc'><strong>1110</strong></span> <span class='ocrx_word' id='word_1_134' title='bbox 539 1296 668 1338; x_wconf 88' lang='lat' dir='ltr'>fuerit</span> <span class='ocrx_word' id='word_1_135' title='bbox 698 1295 760 1337; x_wconf 88' lang='lat' dir='ltr'>XI</span> <span class='ocrx_word' id='word_1_136' title='bbox 792 1296 862 1337; x_wconf 92' lang='lat' dir='ltr'>hic</span> <span class='ocrx_word' id='word_1_137' title='bbox 898 1295 981 1337; x_wconf 86' lang='lat' dir='ltr'>XII</span> <span class='ocrx_word' id='word_1_138' title='bbox 1017 1310 1235 1337; x_wconf 88' lang='lat' dir='ltr'>annorum.</span> <span class='ocrx_word' id='word_1_139' title='bbox 1285 1294 1437 1348; x_wconf 86' lang='lat' dir='ltr'>Itaque</span> <span class='ocrx_word' id='word_1_140' title='bbox 1467 1293 1714 1336; x_wconf 85' lang='lat' dir='ltr'>Ciceronem</span> <span class='ocrx_word' id='word_1_141' title='bbox 1751 1292 1828 1334; x_wconf 85' lang='lat' dir='ltr'>illa</span> 
     </span>
     <span class='ocr_line' id='line_1_17' title="bbox 304 1363 1828 1423; baseline -0.003 -13"><span class='ocrx_word' id='word_1_142' title='bbox 304 1384 388 1423; x_wconf 87' lang='lat' dir='ltr'>qua</span> <span class='ocrx_word' id='word_1_143' title='bbox 420 1368 543 1423; x_wconf 85' lang='lat' dir='ltr'>posui</span> <span class='ocrx_word' id='word_1_144' title='bbox 572 1370 711 1409; x_wconf 80' lang='lat' dir='ltr'>aetate</span> <span class='ocrx_word' id='word_1_145' title='bbox 738 1367 966 1409; x_wconf 89' lang='lat' dir='ltr'>rhetoricis</span> <span class='ocrx_word' id='word_1_146' title='bbox 992 1367 1237 1408; x_wconf 87' lang='lat' dir='ltr'>institutum</span> <span class='ocrx_word' id='word_1_147' title='bbox 1265 1380 1357 1407; x_wconf 87' lang='lat' dir='ltr'>esse</span> <span class='ocrx_word' id='word_1_148' title='bbox 1384 1366 1454 1406; x_wconf 85' lang='lat' dir='ltr'>uix</span> <span class='ocrx_word' id='word_1_149' title='bbox 1481 1365 1643 1420; x_wconf 89' lang='lat' dir='ltr'>poterit</span> <span class='ocrx_word' id='word_1_150' title='bbox 1668 1363 1828 1419; x_wconf 81' lang='lat' dir='ltr'>negali.</span> 
     </span>
    </p>

    <p class='ocr_par' dir='ltr' id='par_1_3' title="bbox 285 1436 1832 2988">
     <span class='ocr_line' id='line_1_18' title="bbox 423 1436 1827 1504; baseline -0.004 -23"><span class='ocrx_word' id='word_1_151' title='bbox 423 1438 504 1481; x_wconf 79' lang='lat' dir='ltr'>Sed</span> <span class='ocrx_word' id='word_1_152' title='bbox 545 1439 730 1504; x_wconf 77' lang='lat' dir='ltr'>quando</span> <span class='ocrx_word' id='word_1_153' title='bbox 783 1438 916 1496; x_wconf 79' lang='lat' dir='ltr'>libros</span> <span class='ocrx_word' id='word_1_154' title='bbox 970 1438 1020 1496; x_wconf 85' lang='lat' dir='ltr'>de</span> <span class='ocrx_word' id='word_1_155' title='bbox 1077 1438 1164 1478; x_wconf 93' lang='lat' dir='ltr'>inu</span> <span class='ocrx_word' id='word_1_156' title='bbox 1212 1436 1390 1478; x_wconf 88' lang='lat' dir='ltr'>ediderit</span> <span class='ocrx_word' id='word_1_157' title='bbox 1438 1436 1565 1491; x_wconf 91' lang='lat' dir='ltr'>plane</span> <span class='ocrx_word' id='word_1_158' title='bbox 1615 1436 1827 1476; x_wconf 83' lang='lat' dir='ltr'>incertum</span> 
     </span>
     <span class='ocr_line' id='line_1_19' title="bbox 285 1493 1827 1577; baseline -0.004 -24"><span class='ocrx_word' id='word_1_159' title='bbox 285 1515 380 1577; x_wconf 46' lang='lat' dir='ltr'>BER·</span> <span class='ocrx_word' id='word_1_160' title='bbox 443 1512 537 1561; x_wconf 80' lang='lat' dir='ltr'>Qua</span> <span class='ocrx_word' id='word_1_161' title='bbox 568 1512 608 1552; x_wconf 93' lang='lat' dir='ltr'>in</span> <span class='ocrx_word' id='word_1_162' title='bbox 644 1526 687 1551; x_wconf 86' lang='lat' dir='ltr'>re</span> <span class='ocrx_word' id='word_1_163' title='bbox 726 1499 831 1551; x_wconf 86' lang='grc'><strong>11111(1</strong></span> <span class='ocrx_word' id='word_1_164' title='bbox 871 1493 1223 1551; x_wconf 76' lang='lat' dir='ltr'>considerandum</span> <span class='ocrx_word' id='word_1_165' title='bbox 1258 1510 1323 1549; x_wconf 90' lang='lat' dir='ltr'>est</span> <span class='ocrx_word' id='word_1_166' title='bbox 1354 1507 1573 1562; x_wconf 87' lang='lat' dir='ltr'>prooemia</span> <span class='ocrx_word' id='word_1_167' title='bbox 1583 1499 1827 1560; x_wconf 79' lang='lat' dir='ltr'>utriusque</span> 
     </span>
     <span class='ocr_line' id='line_1_20' title="bbox 302 1580 1828 1636; baseline -0.003 -13"><span class='ocrx_word' id='word_1_168' title='bbox 302 1583 403 1625; x_wconf 88' lang='lat' dir='ltr'>libri</span> <span class='ocrx_word' id='word_1_169' title='bbox 437 1598 462 1624; x_wconf 88' lang='lat' dir='ltr'>a</span> <span class='ocrx_word' id='word_1_170' title='bbox 491 1582 735 1636; x_wconf 76' lang='lat' dir='ltr'>praeceptis</span> <span class='ocrx_word' id='word_1_171' title='bbox 780 1582 905 1636; x_wconf 91' lang='lat' dir='ltr'>plane</span> <span class='ocrx_word' id='word_1_172' title='bbox 950 1580 1091 1622; x_wconf 86' lang='lat' dir='ltr'>aliena</span> <span class='ocrx_word' id='word_1_173' title='bbox 1131 1595 1222 1622; x_wconf 90' lang='lat' dir='ltr'>esse</span> <span class='ocrx_word' id='word_1_174' title='bbox 1264 1584 1306 1620; x_wconf 84' lang='lat' dir='ltr'>et</span> <span class='ocrx_word' id='word_1_175' title='bbox 1340 1581 1392 1620; x_wconf 90' lang='lat' dir='ltr'>ab</span> <span class='ocrx_word' id='word_1_176' title='bbox 1432 1581 1603 1620; x_wconf 89' lang='lat' dir='ltr'>auctore</span> <span class='ocrx_word' id='word_1_177' title='bbox 1643 1592 1691 1618; x_wconf 84' lang='lat' dir='ltr'>ex</span> <span class='ocrx_word' id='word_1_178' title='bbox 1730 1592 1828 1632; x_wconf 90' lang='lat' dir='ltr'>pro—</span> 
     </span>
     <span class='ocr_line' id='line_1_21' title="bbox 307 1649 1826 1708; baseline -0.004 -13"><span class='ocrx_word' id='word_1_179' title='bbox 307 1654 541 1696; x_wconf 88' lang='lat' dir='ltr'>oemiorum</span> <span class='ocrx_word' id='word_1_180' title='bbox 583 1654 765 1708; x_wconf 85' lang='lat' dir='ltr'>quadam</span> <span class='ocrx_word' id='word_1_181' title='bbox 807 1652 1059 1694; x_wconf 86' lang='lat' dir='ltr'>collectione</span> <span class='ocrx_word' id='word_1_182' title='bbox 1099 1667 1181 1706; x_wconf 89' lang='lat' dir='ltr'>qua</span> <span class='ocrx_word' id='word_1_183' title='bbox 1219 1652 1261 1691; x_wconf 92' lang='lat' dir='ltr'>in</span> <span class='ocrx_word' id='word_1_184' title='bbox 1304 1651 1473 1705; x_wconf 86' lang='lat' dir='ltr'>scriptis</span> <span class='ocrx_word' id='word_1_185' title='bbox 1514 1649 1826 1705; x_wconf 89' lang='lat' dir='ltr'>philosophicis</span> 
     </span>
     <span class='ocr_line' id='line_1_22' title="bbox 306 1722 1829 1780; baseline -0.004 -13"><span class='ocrx_word' id='word_1_186' title='bbox 306 1727 436 1767; x_wconf 87' lang='lat' dir='ltr'>etiam</span> <span class='ocrx_word' id='word_1_187' title='bbox 481 1728 631 1780; x_wconf 87' lang='lat' dir='ltr'>postea</span> <span class='ocrx_word' id='word_1_188' title='bbox 668 1739 770 1765; x_wconf 86' lang='lat' dir='ltr'>usus</span> <span class='ocrx_word' id='word_1_189' title='bbox 813 1726 898 1778; x_wconf 87' lang='lat' dir='ltr'>est,</span> <span class='ocrx_word' id='word_1_190' title='bbox 944 1723 985 1764; x_wconf 90' lang='lat' dir='ltr'>in</span> <span class='ocrx_word' id='word_1_191' title='bbox 1031 1723 1152 1764; x_wconf 89' lang='lat' dir='ltr'>libris</span> <span class='ocrx_word' id='word_1_192' title='bbox 1185 1722 1238 1763; x_wconf 90' lang='lat' dir='ltr'>II.</span> <span class='ocrx_word' id='word_1_193' title='bbox 1264 1722 1340 1762; x_wconf 90' lang='lat' dir='ltr'>III.</span> <span class='ocrx_word' id='word_1_194' title='bbox 1383 1722 1433 1763; x_wconf 88' lang='lat' dir='ltr'>de</span> <span class='ocrx_word' id='word_1_195' title='bbox 1478 1722 1644 1776; x_wconf 85' lang='lat' dir='ltr'>legibus</span> <span class='ocrx_word' id='word_1_196' title='bbox 1678 1735 1829 1762; x_wconf 89' lang='lat' dir='ltr'>usurus</span> 
     </span>
     <span class='ocr_line' id='line_1_23' title="bbox 306 1793 1830 1851; baseline -0.005 -12"><span class='ocrx_word' id='word_1_197' title='bbox 306 1800 398 1839; x_wconf 86' lang='lat' dir='ltr'>erat</span> <span class='ocrx_word' id='word_1_198' title='bbox 449 1797 698 1851; x_wconf 88' lang='lat' dir='ltr'>adsumpta:</span> <span class='ocrx_word' id='word_1_199' title='bbox 750 1796 896 1849; x_wconf 87' lang='lat' dir='ltr'>quales</span> <span class='ocrx_word' id='word_1_200' title='bbox 946 1795 1080 1835; x_wconf 87' lang='lat' dir='ltr'>libros</span> <span class='ocrx_word' id='word_1_201' title='bbox 1130 1794 1351 1848; x_wconf 90' lang='lat' dir='ltr'>prooemia</span> <span class='ocrx_word' id='word_1_202' title='bbox 1402 1793 1669 1834; x_wconf 86' lang='lat' dir='ltr'>continentes</span> <span class='ocrx_word' id='word_1_203' title='bbox 1721 1806 1830 1833; x_wconf 89' lang='lat' dir='ltr'>com-</span> 
     </span>
     <span class='ocr_line' id='line_1_24' title="bbox 306 1861 1832 1919; baseline -0.004 -10"><span class='ocrx_word' id='word_1_204' title='bbox 306 1871 515 1910; x_wconf 84' lang='lat' dir='ltr'>memorat</span> <span class='ocrx_word' id='word_1_205' title='bbox 554 1868 606 1908; x_wconf 89' lang='lat' dir='ltr'>ad</span> <span class='ocrx_word' id='word_1_206' title='bbox 646 1867 734 1909; x_wconf 86' lang='lat' dir='ltr'>Att.</span> <span class='ocrx_word' id='word_1_207' title='bbox 762 1865 865 1907; x_wconf 83' lang='lat' dir='ltr'>XVI</span> <span class='ocrx_word' id='word_1_208' title='bbox 900 1867 938 1919; x_wconf 78' lang='grc'>6,</span> <span class='ocrx_word' id='word_1_209' title='bbox 966 1867 993 1906; x_wconf 75' lang='lat'>4</span> <span class='ocrx_word' id='word_1_210' title='bbox 1027 1864 1156 1918; x_wconf 87' lang='lat' dir='ltr'>(conf.</span> <span class='ocrx_word' id='word_1_211' title='bbox 1183 1864 1289 1905; x_wconf 90' lang='lat' dir='ltr'>XIII</span> <span class='ocrx_word' id='word_1_212' title='bbox 1318 1866 1385 1919; x_wconf 77' lang='grc'>32,</span> <span class='ocrx_word' id='word_1_213' title='bbox 1412 1865 1457 1919; x_wconf 86' lang='grc'>2)</span> <span class='ocrx_word' id='word_1_214' title='bbox 1495 1863 1603 1905; x_wconf 87' lang='grc' dir='ltr'><strong>Ρ1111.</strong></span> <span class='ocrx_word' id='word_1_215' title='bbox 1636 1863 1757 1917; x_wconf 91' lang='lat' dir='ltr'>epist.</span> <span class='ocrx_word' id='word_1_216' title='bbox 1790 1861 1832 1903; x_wconf 93' lang='lat' dir='ltr'>II</span> 
     </span>
     <span class='ocr_line' id='line_1_25' title="bbox 305 1934 1832 1993; baseline -0.005 -12"><span class='ocrx_word' id='word_1_217' title='bbox 305 1941 350 1993; x_wconf 77' lang='lat'>5,</span> <span class='ocrx_word' id='word_1_218' title='bbox 387 1941 438 1981; x_wconf 91' lang='grc'>12</span> <span class='ocrx_word' id='word_1_219' title='bbox 490 1939 676 1992; x_wconf 87' lang='lat' dir='ltr'>scriptor</span> <span class='ocrx_word' id='word_1_220' title='bbox 725 1938 776 1979; x_wconf 89' lang='lat' dir='ltr'>ad</span> <span class='ocrx_word' id='word_1_221' title='bbox 829 1937 930 1978; x_wconf 89' lang='lat' dir='ltr'>Her.</span> <span class='ocrx_word' id='word_1_222' title='bbox 960 1936 1026 1977; x_wconf 90' lang='lat' dir='ltr'>III</span> <span class='ocrx_word' id='word_1_223' title='bbox 1059 1937 1135 1991; x_wconf 80' lang='lat'>23,</span> <span class='ocrx_word' id='word_1_224' title='bbox 1168 1937 1235 1978; x_wconf 82' lang='lat'>39.</span> <span class='ocrx_word' id='word_1_225' title='bbox 1300 1937 1441 1990; x_wconf 82' lang='lat' dir='ltr'>Atque</span> <span class='ocrx_word' id='word_1_226' title='bbox 1493 1935 1712 1990; x_wconf 89' lang='lat' dir='ltr'>prooemia</span> <span class='ocrx_word' id='word_1_227' title='bbox 1755 1934 1832 1974; x_wconf 87' lang='lat' dir='ltr'>illa</span> 
     </span>
     <span class='ocr_line' id='line_1_26' title="bbox 306 2005 1831 2062; baseline -0.005 -10"><span class='ocrx_word' id='word_1_228' title='bbox 306 2012 517 2052; x_wconf 88' lang='lat' dir='ltr'>librorum</span> <span class='ocrx_word' id='word_1_229' title='bbox 558 2011 608 2050; x_wconf 83' lang='lat' dir='ltr'>de</span> <span class='ocrx_word' id='word_1_230' title='bbox 647 2010 730 2050; x_wconf 85' lang='lat' dir='ltr'>inu.</span> <span class='ocrx_word' id='word_1_231' title='bbox 773 2009 877 2050; x_wconf 88' lang='lat' dir='ltr'>satis</span> <span class='ocrx_word' id='word_1_232' title='bbox 919 2008 1138 2062; x_wconf 80' lang='lat' dir='ltr'>eleganter</span> <span class='ocrx_word' id='word_1_233' title='bbox 1177 2008 1334 2061; x_wconf 88' lang='lat' dir='ltr'>scripta</span> <span class='ocrx_word' id='word_1_234' title='bbox 1373 2010 1472 2048; x_wconf 89' lang='lat' dir='ltr'>sunt</span> <span class='ocrx_word' id='word_1_235' title='bbox 1510 2009 1551 2047; x_wconf 86' lang='lat' dir='ltr'>et</span> <span class='ocrx_word' id='word_1_236' title='bbox 1589 2005 1745 2061; x_wconf 86' lang='lat' dir='ltr'>polite:</span> <span class='ocrx_word' id='word_1_237' title='bbox 1787 2005 1831 2045; x_wconf 88' lang='lat' dir='ltr'>in</span> 
     </span>
     <span class='ocr_line' id='line_1_27' title="bbox 307 2077 1829 2137; baseline -0.005 -14"><span class='ocrx_word' id='word_1_238' title='bbox 307 2081 546 2137; x_wconf 84' lang='lat' dir='ltr'>praeceptis</span> <span class='ocrx_word' id='word_1_239' title='bbox 579 2081 684 2136; x_wconf 87' lang='lat' dir='ltr'>ipsis</span> <span class='ocrx_word' id='word_1_240' title='bbox 717 2080 840 2121; x_wconf 89' lang='lat' dir='ltr'>rudia</span> <span class='ocrx_word' id='word_1_241' title='bbox 878 2079 1089 2120; x_wconf 90' lang='lat' dir='ltr'>nonnulla</span> <span class='ocrx_word' id='word_1_242' title='bbox 1128 2079 1407 2119; x_wconf 83' lang='lat' dir='ltr'>inueniuntur</span> <span class='ocrx_word' id='word_1_243' title='bbox 1445 2080 1487 2119; x_wconf 90' lang='lat' dir='ltr'>et</span> <span class='ocrx_word' id='word_1_244' title='bbox 1527 2077 1689 2118; x_wconf 91' lang='lat' dir='ltr'>inculta</span> <span class='ocrx_word' id='word_1_245' title='bbox 1728 2091 1829 2131; x_wconf 89' lang='lat' dir='ltr'>quo-</span> 
     </span>
     <span class='ocr_line' id='line_1_28' title="bbox 307 2147 1832 2205; baseline -0.005 -10"><span class='ocrx_word' id='word_1_246' title='bbox 307 2169 401 2195; x_wconf 91' lang='lat' dir='ltr'>rum</span> <span class='ocrx_word' id='word_1_247' title='bbox 444 2153 603 2195; x_wconf 89' lang='lat' dir='ltr'>similia</span> <span class='ocrx_word' id='word_1_248' title='bbox 642 2152 685 2193; x_wconf 91' lang='lat' dir='ltr'>in</span> <span class='ocrx_word' id='word_1_249' title='bbox 725 2151 903 2205; x_wconf 89' lang='lat' dir='ltr'>reliquis</span> <span class='ocrx_word' id='word_1_250' title='bbox 937 2150 1148 2192; x_wconf 87' lang='lat' dir='ltr'>Tullianis</span> <span class='ocrx_word' id='word_1_251' title='bbox 1190 2163 1315 2204; x_wconf 80' lang='lat' dir='ltr'>aegre</span> <span class='ocrx_word' id='word_1_252' title='bbox 1361 2149 1554 2191; x_wconf 89' lang='lat' dir='ltr'>inuenias</span> <span class='ocrx_word' id='word_1_253' title='bbox 1594 2147 1722 2202; x_wconf 88' lang='lat' dir='ltr'>quale</span> <span class='ocrx_word' id='word_1_254' title='bbox 1766 2149 1832 2187; x_wconf 88' lang='lat' dir='ltr'>est</span> 
     </span>
     <span class='ocr_line' id='line_1_29' title="bbox 307 2218 1829 2279; baseline -0.005 -13"><span class='ocrx_word' id='word_1_255' title='bbox 307 2225 410 2266; x_wconf 84' lang='lat' dir='ltr'>illud</span> <span class='ocrx_word' id='word_1_256' title='bbox 443 2224 552 2279; x_wconf 88' lang='lat' dir='ltr'>quod</span> <span class='ocrx_word' id='word_1_257' title='bbox 586 2222 630 2264; x_wconf 87' lang='lat' dir='ltr'>II</span> <span class='ocrx_word' id='word_1_258' title='bbox 657 2224 725 2277; x_wconf 83' lang='grc'>27,</span> <span class='ocrx_word' id='word_1_259' title='bbox 746 2223 801 2264; x_wconf 85' lang='grc'>82</span> <span class='ocrx_word' id='word_1_260' title='bbox 842 2222 1000 2277; x_wconf 86' lang='lat' dir='ltr'>legitur</span> <span class='ocrx_word' id='word_1_261' title='bbox 1039 2222 1321 2262; x_wconf 84' lang='lat' dir='ltr'>enuntiatum:</span> <span class='ocrx_word' id='word_1_262' title='bbox 1361 2220 1577 2261; x_wconf 70' lang='lat' dir='ltr'>‘extrema</span> <span class='ocrx_word' id='word_1_263' title='bbox 1612 2221 1677 2260; x_wconf 88' lang='lat' dir='ltr'>est</span> <span class='ocrx_word' id='word_1_264' title='bbox 1709 2220 1756 2259; x_wconf 86' lang='lat' dir='ltr'>ut</span> <span class='ocrx_word' id='word_1_265' title='bbox 1787 2218 1829 2259; x_wconf 88' lang='lat' dir='ltr'>in</span> 
     </span>
     <span class='ocr_line' id='line_1_30' title="bbox 308 2290 1831 2350; baseline -0.005 -13"><span class='ocrx_word' id='word_1_266' title='bbox 308 2293 628 2350; x_wconf 86' lang='lat' dir='ltr'>comparatione</span> <span class='ocrx_word' id='word_1_267' title='bbox 662 2293 905 2347; x_wconf 87' lang='lat' dir='ltr'>adsumptio</span> <span class='ocrx_word' id='word_1_268' title='bbox 946 2292 1217 2334; x_wconf 89' lang='lat' dir='ltr'>iudicationis</span> <span class='ocrx_word' id='word_1_269' title='bbox 1251 2294 1293 2333; x_wconf 90' lang='lat' dir='ltr'>et</span> <span class='ocrx_word' id='word_1_270' title='bbox 1326 2292 1375 2333; x_wconf 92' lang='lat' dir='ltr'>de</span> <span class='ocrx_word' id='word_1_271' title='bbox 1409 2307 1459 2333; x_wconf 91' lang='lat' dir='ltr'>ea</span> <span class='ocrx_word' id='word_1_272' title='bbox 1491 2306 1565 2345; x_wconf 92' lang='lat' dir='ltr'>per</span> <span class='ocrx_word' id='word_1_273' title='bbox 1598 2290 1831 2344; x_wconf 57' lang='lat' dir='ltr'>amplifica-1</span> 
     </span>
     <span class='ocr_line' id='line_1_31' title="bbox 308 2353 1832 2417; baseline -0.005 -9"><span class='ocrx_word' id='word_1_274' title='bbox 308 2367 465 2408; x_wconf 89' lang='lat' dir='ltr'>tionem</span> <span class='ocrx_word' id='word_1_275' title='bbox 500 2381 550 2407; x_wconf 83' lang='lat' dir='ltr'>ex</span> <span class='ocrx_word' id='word_1_276' title='bbox 583 2363 905 2406; x_wconf 87' lang='lat' dir='ltr'>deliberationis</span> <span class='ocrx_word' id='word_1_277' title='bbox 937 2365 1175 2417; x_wconf 87' lang='lat' dir='ltr'>praeceptis</span> <span class='ocrx_word' id='word_1_278' title='bbox 1209 2362 1370 2404; x_wconf 66' lang='lat' dir='ltr'>dictio?</span> <span class='ocrx_word' id='word_1_279' title='bbox 1422 2362 1534 2403; x_wconf 90' lang='lat' dir='ltr'>Tota</span> <span class='ocrx_word' id='word_1_280' title='bbox 1566 2376 1667 2402; x_wconf 89' lang='lat' dir='ltr'>uero</span> <span class='ocrx_word' id='word_1_281' title='bbox 1701 2353 1832 2402; x_wconf 85' lang='lat' dir='ltr'>libro-</span> 
     </span>
     <span class='ocr_line' id='line_1_32' title="bbox 308 2431 1830 2488; baseline -0.004 -10"><span class='ocrx_word' id='word_1_282' title='bbox 308 2453 401 2478; x_wconf 88' lang='lat' dir='ltr'>rum</span> <span class='ocrx_word' id='word_1_283' title='bbox 448 2437 497 2478; x_wconf 91' lang='lat' dir='ltr'>de</span> <span class='ocrx_word' id='word_1_284' title='bbox 542 2437 627 2478; x_wconf 90' lang='lat' dir='ltr'>inu.</span> <span class='ocrx_word' id='word_1_285' title='bbox 673 2438 829 2476; x_wconf 89' lang='lat' dir='ltr'>natura</span> <span class='ocrx_word' id='word_1_286' title='bbox 874 2438 917 2475; x_wconf 92' lang='lat' dir='ltr'>et</span> <span class='ocrx_word' id='word_1_287' title='bbox 961 2434 1215 2488; x_wconf 88' lang='lat' dir='ltr'>compositio</span> <span class='ocrx_word' id='word_1_288' title='bbox 1262 2448 1312 2475; x_wconf 87' lang='lat' dir='ltr'>ea</span> <span class='ocrx_word' id='word_1_289' title='bbox 1356 2435 1422 2474; x_wconf 83' lang='lat' dir='ltr'>est</span> <span class='ocrx_word' id='word_1_290' title='bbox 1468 2435 1516 2473; x_wconf 86' lang='lat' dir='ltr'>ut</span> <span class='ocrx_word' id='word_1_291' title='bbox 1558 2431 1705 2474; x_wconf 90' lang='lat' dir='ltr'>Cicero</span> <span class='ocrx_word' id='word_1_292' title='bbox 1744 2445 1830 2472; x_wconf 91' lang='grc'><strong>11011</strong></span> 
     </span>
     <span class='ocr_line' id='line_1_33' title="bbox 309 2503 1830 2560; baseline -0.004 -11"><span class='ocrx_word' id='word_1_293' title='bbox 309 2508 503 2549; x_wconf 87' lang='lat' dir='ltr'>uideatur</span> <span class='ocrx_word' id='word_1_294' title='bbox 547 2521 624 2548; x_wconf 87' lang='grc'><strong>8113</strong></span> <span class='ocrx_word' id='word_1_295' title='bbox 668 2505 972 2560; x_wconf 87' lang='lat' dir='ltr'>conscripsisse</span> <span class='ocrx_word' id='word_1_296' title='bbox 1018 2505 1091 2546; x_wconf 89' lang='lat' dir='ltr'>sed</span> <span class='ocrx_word' id='word_1_297' title='bbox 1137 2504 1279 2545; x_wconf 87' lang='lat' dir='ltr'>aliena</span> <span class='ocrx_word' id='word_1_298' title='bbox 1324 2506 1396 2545; x_wconf 88' lang='lat' dir='ltr'>aut</span> <span class='ocrx_word' id='word_1_299' title='bbox 1439 2503 1713 2557; x_wconf 83' lang='lat' dir='ltr'>exscripsisse</span> <span class='ocrx_word' id='word_1_300' title='bbox 1756 2505 1830 2544; x_wconf 85' lang='lat' dir='ltr'>aut</span> 
     </span>
     <span class='ocr_line' id='line_1_34' title="bbox 311 2574 1829 2638; baseline -0.004 -18"><span class='ocrx_word' id='word_1_301' title='bbox 311 2578 585 2633; x_wconf 88' lang='lat' dir='ltr'>descripsisse</span> <span class='ocrx_word' id='word_1_302' title='bbox 613 2577 782 2638; x_wconf 81' lang='lat' dir='ltr'>dictata.</span> <span class='ocrx_word' id='word_1_303' title='bbox 833 2577 993 2618; x_wconf 87' lang='lat' dir='ltr'>Errant</span> <span class='ocrx_word' id='word_1_304' title='bbox 1024 2576 1157 2630; x_wconf 87' lang='lat' dir='ltr'>igitur</span> <span class='ocrx_word' id='word_1_305' title='bbox 1183 2575 1254 2630; x_wconf 86' lang='lat' dir='ltr'>qui</span> <span class='ocrx_word' id='word_1_306' title='bbox 1284 2575 1515 2630; x_wconf 89' lang='lat' dir='ltr'>prooemiis</span> <span class='ocrx_word' id='word_1_307' title='bbox 1541 2574 1627 2625; x_wconf 82' lang='lat' dir='ltr'>illis</span> <span class='ocrx_word' id='word_1_308' title='bbox 1655 2575 1829 2615; x_wconf 87' lang='lat' dir='ltr'>utantur</span> 
     </span>
     <span class='ocr_line' id='line_1_35' title="bbox 310 2643 1828 2702; baseline -0.005 -10"><span class='ocrx_word' id='word_1_309' title='bbox 310 2651 362 2692; x_wconf 83' lang='lat' dir='ltr'>ad</span> <span class='ocrx_word' id='word_1_310' title='bbox 402 2652 617 2691; x_wconf 89' lang='lat' dir='ltr'>auctorem</span> <span class='ocrx_word' id='word_1_311' title='bbox 652 2647 861 2689; x_wconf 86' lang='lat' dir='ltr'>Graecum</span> <span class='ocrx_word' id='word_1_312' title='bbox 895 2662 1020 2702; x_wconf 86' lang='lat' dir='ltr'>quem</span> <span class='ocrx_word' id='word_1_313' title='bbox 1054 2646 1202 2690; x_wconf 90' lang='lat' dir='ltr'>Cicero</span> <span class='ocrx_word' id='word_1_314' title='bbox 1241 2649 1410 2688; x_wconf 87' lang='lat' dir='ltr'>secutus</span> <span class='ocrx_word' id='word_1_315' title='bbox 1445 2646 1501 2687; x_wconf 91' lang='lat' dir='ltr'>sit</span> <span class='ocrx_word' id='word_1_316' title='bbox 1538 2646 1583 2687; x_wconf 91' lang='lat' dir='ltr'>in</span> <span class='ocrx_word' id='word_1_317' title='bbox 1621 2645 1744 2686; x_wconf 91' lang='lat' dir='ltr'>libris</span> <span class='ocrx_word' id='word_1_318' title='bbox 1778 2643 1828 2685; x_wconf 89' lang='lat' dir='ltr'>de</span> 
     </span>
     <span class='ocr_line' id='line_1_36' title="bbox 310 2716 1828 2775; baseline -0.004 -13"><span class='ocrx_word' id='word_1_319' title='bbox 310 2723 395 2763; x_wconf 86' lang='lat' dir='ltr'>inu.</span> <span class='ocrx_word' id='word_1_320' title='bbox 439 2719 783 2775; x_wconf 86' lang='lat' dir='ltr'>inuestigandum</span> <span class='ocrx_word' id='word_1_321' title='bbox 829 2734 1012 2774; x_wconf 87' lang='lat' dir='ltr'>quorum</span> <span class='ocrx_word' id='word_1_322' title='bbox 1057 2718 1106 2759; x_wconf 91' lang='lat' dir='ltr'>de</span> <span class='ocrx_word' id='word_1_323' title='bbox 1152 2720 1345 2772; x_wconf 85' lang='lat' dir='ltr'>tempore</span> <span class='ocrx_word' id='word_1_324' title='bbox 1389 2719 1558 2772; x_wconf 86' lang='lat' dir='ltr'>praeter</span> <span class='ocrx_word' id='word_1_325' title='bbox 1602 2716 1675 2757; x_wconf 91' lang='grc'><strong>1113</strong></span> <span class='ocrx_word' id='word_1_326' title='bbox 1720 2729 1828 2769; x_wconf 87' lang='lat' dir='ltr'>quae</span> 
     </span>
     <span class='ocr_line' id='line_1_37' title="bbox 311 2788 1827 2844; baseline -0.005 -11"><span class='ocrx_word' id='word_1_327' title='bbox 311 2793 436 2834; x_wconf 89' lang='grc'><strong>1110(10</strong></span> <span class='ocrx_word' id='word_1_328' title='bbox 465 2792 663 2833; x_wconf 83' lang='grc'><strong>0113113111</strong></span> <span class='ocrx_word' id='word_1_329' title='bbox 690 2791 856 2832; x_wconf 91' lang='lat' dir='ltr'>nullum</span> <span class='ocrx_word' id='word_1_330' title='bbox 884 2790 995 2831; x_wconf 88' lang='lat' dir='ltr'>aliud</span> <span class='ocrx_word' id='word_1_331' title='bbox 1016 2790 1177 2844; x_wconf 87' lang='lat' dir='ltr'>poterit</span> <span class='ocrx_word' id='word_1_332' title='bbox 1198 2788 1355 2830; x_wconf 87' lang='lat' dir='ltr'>adferri</span> <span class='ocrx_word' id='word_1_333' title='bbox 1376 2789 1677 2842; x_wconf 82' lang='lat' dir='ltr'>argumentum</span> <span class='ocrx_word' id='word_1_334' title='bbox 1698 2800 1827 2839; x_wconf 87' lang='lat' dir='ltr'>quam</span> 
     </span>
     <span class='ocr_line' id='line_1_38' title="bbox 311 2857 1827 2917; baseline -0.004 -14"><span class='ocrx_word' id='word_1_335' title='bbox 311 2863 423 2917; x_wconf 85' lang='lat' dir='ltr'>quod</span> <span class='ocrx_word' id='word_1_336' title='bbox 454 2863 474 2903; x_wconf 88' lang='lat' dir='ltr'>I</span> <span class='ocrx_word' id='word_1_337' title='bbox 506 2864 551 2913; x_wconf 83' lang='lat'>4,</span> <span class='ocrx_word' id='word_1_338' title='bbox 575 2864 602 2904; x_wconf 80' lang='grc'>5</span> <span class='ocrx_word' id='word_1_339' title='bbox 640 2862 853 2904; x_wconf 83' lang='lat' dir='ltr'>Gracchos</span> <span class='ocrx_word' id='word_1_340' title='bbox 898 2861 1090 2902; x_wconf 89' lang='lat' dir='ltr'>laudauit</span> <span class='ocrx_word' id='word_1_341' title='bbox 1133 2860 1199 2901; x_wconf 84' lang='lat' dir='ltr'>his</span> <span class='ocrx_word' id='word_1_342' title='bbox 1237 2860 1398 2901; x_wconf 89' lang='lat' dir='ltr'>uerbis:</span> <span class='ocrx_word' id='word_1_343' title='bbox 1445 2857 1589 2908; x_wconf 63' lang='lat' dir='ltr'>‘Quod</span> <span class='ocrx_word' id='word_1_344' title='bbox 1632 2859 1827 2898; x_wconf 87' lang='lat' dir='ltr'>nostrum</span> 
     </span>
     <span class='ocr_line' id='line_1_39' title="bbox 310 2931 1825 2988; baseline -0.004 -14"><span class='ocrx_word' id='word_1_345' title='bbox 310 2933 430 2974; x_wconf 91' lang='lat' dir='ltr'>illum</span> <span class='ocrx_word' id='word_1_346' title='bbox 456 2948 542 2974; x_wconf 88' lang='lat' dir='ltr'>non</span> <span class='ocrx_word' id='word_1_347' title='bbox 568 2933 681 2988; x_wconf 85' lang='lat' dir='ltr'>fugit</span> <span class='ocrx_word' id='word_1_348' title='bbox 706 2932 910 2975; x_wconf 84' lang='lat' dir='ltr'>Catonem</span> <span class='ocrx_word' id='word_1_349' title='bbox 937 2947 1074 2987; x_wconf 90' lang='lat' dir='ltr'>neque</span> <span class='ocrx_word' id='word_1_350' title='bbox 1101 2931 1293 2973; x_wconf 88' lang='lat' dir='ltr'>Laelium</span> <span class='ocrx_word' id='word_1_351' title='bbox 1320 2944 1456 2985; x_wconf 89' lang='lat' dir='ltr'>neque</span> <span class='ocrx_word' id='word_1_352' title='bbox 1482 2944 1626 2970; x_wconf 89' lang='lat' dir='ltr'>eorum</span> <span class='ocrx_word' id='word_1_353' title='bbox 1654 2931 1701 2969; x_wconf 90' lang='lat' dir='ltr'>ut</span> <span class='ocrx_word' id='word_1_354' title='bbox 1728 2943 1825 2969; x_wconf 90' lang='lat' dir='ltr'>uere</span> 
     </span>
    </p>
   </div>
  </div>
 </body>
</html>
