2003 3116
94 2662 108 2679 e
122 2662 254 2679 commen
273 2654 346 2679 ariis

105 2690 224 2716 schola>
242 2691 303 2716 icis.

354 199 409 240 80
913 197 1005 228 PRO
1010 195 1282 230 LEGOMENA.

351 310 463 349 recte
489 306 515 346 1.
541 319 572 346 s.
599 305 750 345 contra
775 302 892 344 codd.
920 302 1221 343 auctoritatem
1248 315 1428 354 posuere
1455 302 1610 343 collato
1637 301 1750 344 Lael.
1774 304 1808 356 1,
1832 304 1867 344 1.

351 378 493 431 Atque
535 376 583 415 de
626 373 790 415 Stilone
843 372 956 414 haud
1003 372 1155 413 inscite
1207 372 1416 426 cogitauit
1462 371 1775 415 vanHeusdeus
1821 373 1868 415 in

351 446 646 500 disquisitione
673 444 723 484 de
750 443 931 484 L.Aelio
958 459 998 498 p.
1019 443 1074 483 47
1098 456 1212 497 seqq.
1242 442 1322 483 107
1358 457 1452 483 cum
1484 445 1726 497 temporum
1758 445 1866 486 ratio

351 517 542 572 egregrie
582 515 791 557 concinat.
853 513 968 555 Nam
1007 511 1156 555 Cicero
1197 527 1288 554 sese
1329 513 1499 554 Aelium
1538 514 1690 555 studiis
1731 514 1869 555 rheto-

348 588 447 628 ricis
493 601 666 640 operam
711 585 884 626 dantem
930 585 1099 626 audisse
1143 584 1277 625 tradit
1321 599 1433 626 anno
1479 584 1650 639 664s90
1694 585 1869 626 ineunte

348 658 467 700 Brut.
493 658 562 712 56,
582 658 685 699 206:
717 656 880 698 accedit
907 656 1018 711 quod
1050 655 1095 696 111
1128 655 1250 697 libris
1283 656 1333 696 de
1366 656 1451 697 inu.
1482 656 1689 697 nonnulla
1721 656 1868 697 insunt

349 743 457 783 quae
494 728 682 770 insulam
720 727 920 770 Rhodum
960 730 1105 781 aperte
1145 728 1341 781 spectant
1384 727 1459 768 ubi
1498 725 1606 768 Stilo
1646 727 1866 768 Metellum

347 798 626 842 Numidicum
657 800 702 841 in
734 799 930 840 exsilium
964 797 1193 840 comitatus
1228 812 1340 839 anno
1373 797 1571 851 654s100
1598 797 1792 853 ‘legendo
1825 801 1868 839 et

349 871 559 913 audiendo
591 885 771 926 magnos
803 871 921 911 uiros
950 868 1244 910 auocabatur’:
1278 868 1385 910 conf.
1415 867 1530 910 Suet.
1557 869 1606 909 de
1634 883 1812 924 gramm.
1840 869 1866 910 3

347 941 438 984 Liu.
470 942 658 997 perioch.
687 942 753 983 69.
804 941 865 982 At
891 941 1037 982 Aelius
1065 939 1173 981 Stilo
1203 938 1371 981 Stoicus
1413 954 1504 981 esse
1536 940 1674 982 uoluit
1705 942 1752 981 ut
1780 943 1866 981 tra-

349 1013 412 1055 dit
444 1012 589 1056 Cicero
622 1012 742 1054 Brut.
770 1013 962 1067 56‚206:
1001 1011 1101 1052 libri
1139 1011 1190 1052 de
1229 1011 1314 1053 inu.
1346 1011 1490 1065 potius
1530 1025 1579 1052 ex
1618 1009 1868 1064 Peripateti-

349 1098 496 1126 corum
531 1085 678 1126 schola
711 1084 892 1138 profecti
925 1097 1017 1124 esse
1051 1082 1261 1136 uidentur,
1294 1097 1555 1137 quamquam
1587 1083 1631 1124 in
1664 1082 1870 1123 definitio-

347 1155 473 1197 nibus
520 1171 627 1211 quae
673 1171 723 1197 ex
768 1155 1059 1210 Hermagorae
1105 1153 1224 1194 libris
1270 1153 1496 1207 desumpta
1547 1168 1639 1195 esse
1687 1156 1871 1208 possunt

348 1229 555 1270 nonnulla
591 1228 869 1269 inueniuntur
907 1225 1063 1268 Stoicis
1107 1225 1301 1279 probata.
1362 1223 1474 1266 Nam
1509 1224 1750 1266 Stoicorum
1782 1225 1870 1266 lau-

348 1299 473 1340 datur
503 1313 641 1352 nemo,
675 1298 932 1340 Aristoteles
966 1296 1290 1351 Theophrastus
1324 1296 1592 1350 saepissime,
1625 1310 1674 1337 ex
1707 1295 1870 1337 Aristo-

348 1370 448 1411 telis
474 1370 711 1412 rhetoricae
739 1370 918 1424 denique
944 1368 985 1409 II
1013 1383 1100 1422 cap.
1123 1368 1177 1409 23
1208 1368 1417 1409 nonnulla
1443 1367 1496 1408 ad
1523 1367 1702 1409 uerbum
1731 1370 1867 1408 trans-

347 1441 436 1483 lata
456 1456 548 1483 esse
569 1441 619 1483 de
642 1441 729 1482 inu.
750 1441 769 1482 I
790 1441 859 1491 30,
878 1440 947 1481 46.
966 1440 1021 1481 47
1047 1439 1132 1480 iam
1154 1439 1304 1480 Petrus
1318 1437 1537 1480 Victorius
1565 1438 1870 1479 animaduertit

347 1516 390 1554 et
422 1513 570 1555 Cicero
602 1513 694 1567 ipse
721 1512 741 1553 I
768 1512 836 1566 35,
858 1512 910 1553 61
948 1526 1039 1552 sese
1074 1511 1192 1565 sequi
1227 1510 1477 1551 Aristotelis
1512 1512 1554 1551 et
1580 1509 1868 1564 Theophrasti

351 1587 582 1626 sectatores
628 1584 809 1625 dilucide
853 1583 1075 1624 indicauit.
1139 1581 1255 1630 Quae
1301 1582 1446 1623 omnia
1484 1582 1622 1637 magis
1661 1596 1870 1623 commen-

349 1656 452 1697 dant
490 1655 689 1696 Pisonem
729 1655 873 1708 illum,
913 1653 1087 1695 Staseae
1127 1653 1401 1707 Peripatetici
1442 1653 1622 1694 amicum
1657 1652 1726 1707 (de
1760 1668 1817 1694 or.
1849 1652 1869 1693 I

348 1728 421 1781 22,
452 1728 532 1769 104
572 1727 621 1768 de
659 1727 730 1767 fin.
758 1725 798 1767 V
825 1726 870 1779 3,
897 1726 935 1767 8.
968 1725 1042 1779 25,
1064 1724 1157 1779 75),
1197 1724 1579 1778 Peripateticorum
1614 1726 1868 1765 sectatorem

348 1798 540 1840 omnium
577 1797 900 1839 celeberrimum
941 1795 1011 1851 (de
1049 1799 1136 1837 nat.
1176 1795 1287 1836 deor.
1320 1794 1341 1835 I
1375 1796 1412 1850 7,
1442 1794 1515 1850 16)
1556 1810 1682 1850 quem
1720 1794 1867 1836 Cicero

348 1870 457 1911 libro
485 1870 535 1910 de
560 1869 630 1910 fin.
651 1868 689 1909 V
713 1868 889 1909 inducat
915 1867 1297 1922 Peripateticorum
1324 1868 1553 1921 praecepta
1585 1869 1866 1908 enarrantem.

348 1940 492 1982 Etiam
529 1941 604 1981 illa
643 1954 750 1994 quae
790 1954 918 1993 supra
958 1955 998 1994 p.
1032 1938 1098 1979 78.
1132 1938 1185 1979 79
1228 1937 1277 1979 de
1313 1937 1602 1980 Gracchorum
1637 1938 1759 1979 laude
1797 1935 1867 1993 (de

348 2012 431 2053 inu.
459 2011 479 2052 I
507 2012 553 2065 4,
573 2009 619 2067 5)
653 2011 979 2066 disputauimus,
1010 2013 1194 2063 possunt
1227 2009 1536 2064 quodammodo
1569 2008 1867 2050 commendare

348 2098 501 2125 nomen
536 2083 704 2124 Pisonis
742 2097 868 2137 quem
902 2080 1049 2123 Cicero
1089 2081 1325 2122 consularis
1367 2083 1408 2121 et
1447 2080 1687 2121 nobilitatis
1726 2079 1868 2121 fautor

347 2154 488 2196 factus
534 2154 807 2196 acerbissime
855 2153 1040 2208 castigat
1092 2153 1145 2194 ab
1197 2152 1475 2207 optimatibus
1527 2151 1764 2192 seiunctum
1815 2150 1866 2191 ad

348 2226 478 2267 Attic.
504 2224 526 2266 I
555 2226 619 2278 13,
640 2226 678 2266 2.
729 2224 809 2266 Sed
842 2225 947 2266 haec
974 2225 1155 2266 incerta:
1187 2238 1266 2265 nos
1293 2239 1343 2264 ea
1371 2237 1582 2278 exponere
1609 2222 1865 2263 debebamus

350 2312 431 2351 quo
472 2297 609 2351 magis
647 2299 799 2352 postea
839 2311 934 2337 cum
973 2295 1024 2337 de
1062 2295 1184 2336 libris
1225 2295 1277 2335 ad
1310 2294 1409 2335 Her.
1443 2308 1620 2349 agemus
1652 2293 1865 2348 possimus

349 2369 548 2409 omittere
581 2367 682 2422 quid
714 2368 763 2408 de
796 2367 916 2408 libris
949 2367 998 2408 de
1031 2366 1115 2407 inu.
1143 2366 1376 2407 sentiamus
1412 2380 1632 2420 exponere.
1682 2365 1746 2406 De
1779 2364 1866 2419 qui-

349 2440 429 2481 bus
470 2439 553 2480 hoc
597 2454 728 2480 unum
774 2441 968 2479 constare
1013 2437 1154 2479 iudico
1195 2439 1424 2491 praecepta
1465 2436 1609 2477 omnia
1654 2450 1760 2491 quae
1805 2435 1865 2476 ibi

349 2513 604 2552 enarrantur
636 2510 832 2565 exposita
858 2509 989 2550 fuisse
1018 2524 1043 2549 a
1069 2508 1276 2563 magistro
1304 2511 1403 2549 ante
1429 2507 1587 2548 belluni
1615 2507 1864 2548 Marsicum:

349 2583 518 2638 quando
551 2581 654 2622 editi
687 2581 785 2635 sint,
816 2580 1012 2635 indagari
1042 2594 1128 2621 non
1161 2579 1245 2620 iam
1278 2582 1432 2633 potest.

466 2654 619 2695 Libros
663 2653 797 2708 igitur
841 2652 892 2693 de
930 2652 1016 2694 inu.
1053 2651 1258 2706 σχολικὸν
1288 2650 1523 2704 ὑπόμνημα
1568 2650 1650 2691 (1161
1694 2651 1863 2703 oportet

346 2727 396 2767 de
429 2740 511 2780 quo
554 2739 706 2780 genere
745 2723 1148 2765 commentariorum
1188 2722 1296 2764 conf.
1327 2721 1573 2763 KLehrsius
1606 2718 1861 2761 Aristarchi‘2

346 2812 383 2850 p.
404 2798 460 2838 22
488 2796 665 2845 Quintil.
692 2795 792 2836 inst.
819 2810 876 2836 or.
903 2808 1093 2849 prooem.
1115 2795 1137 2835 7
1166 2792 1273 2834 VIII
1301 2794 1340 2847 3,
1357 2793 1409 2834 76
1444 2791 1602 2834 Seneca
1627 2794 1819 2833 controu.
1843 2790 1863 2831 I

346 2867 477 2921 praef.
507 2869 559 2908 11
593 2867 726 2908 Tacit.
759 2866 917 2921 dialog.
949 2866 1015 2907 20.
1080 2864 1322 2918 Conscripti
1360 2866 1460 2905 sunt
1498 2863 1550 2904 ad
1588 2862 1747 2903 dictata
1779 2877 1864 2903 ma-

347 2938 471 2992 gistri
510 2937 670 2978 Latini:
710 2952 810 2978 nam
851 2937 1036 2978 Graecus
1074 2936 1203 2977 homo
1246 2950 1393 2976 uersus
1433 2934 1562 2975 Ennii
1609 2937 1683 2974 aut
1719 2933 1863 2974 Plauti
