2003 3116
327 135 408 176 156
900 132 1269 167 PROLEGOMENA.

323 244 443 285 ficius
470 242 544 283 ille
570 255 654 282 non
683 242 870 282 constat:
904 239 1180 282 Cornificium
1207 239 1376 282 Gallum
1409 243 1734 296 grammaticum
1766 243 1839 298 qui

322 313 561 367 Vergilium
612 311 841 353 admodum
890 311 1044 366 frigide
1104 312 1377 366 reprehendit
1427 310 1500 354 GL
1542 312 1581 355 V
1623 329 1664 368 p.
1704 316 1779 369 43,
1812 316 1838 358 2

320 385 496 437 propter
541 383 809 438 cognominis
856 382 1180 424 similitudinem
1224 383 1277 425 ad
1320 384 1430 426 hanc
1468 383 1673 426 adducere
1712 401 1839 440 quae—

323 454 505 495 stionem
537 455 656 496 nolo:
689 454 796 496 alios
829 455 990 497 maiore
1024 469 1119 496 cum
1152 454 1458 509 probabilitate
1486 453 1738 498 Cornificios
1770 456 1839 498 de-

323 527 562 566 monstrare
596 540 688 567 esse
721 526 861 580 operis
894 526 1011 567 illius
1045 528 1238 569 auctores
1271 541 1445 581 nequeo.

38 596 321 656 ssi'ffig'ffifffjrfffflss
441 596 622 638 Peracta
654 598 905 653 quaestione
938 598 988 639 de
1013 597 1180 639 Latinis
1213 598 1378 640 artibus
1411 599 1632 654 scriptoris
1664 598 1717 640 ad
1741 598 1841 641 Her.

55 667 216 693 ³¹¹³·0tad
235 668 302 691 ΗΕΓ·
323 670 364 709 et
391 666 609 710 Ciceronis
638 668 688 710 de
716 668 888 711 Graecis
920 683 1066 711 eorum
1099 670 1344 712 auctoribus
1375 684 1512 725 pauca
1542 671 1840 712 tautummodo

319 739 546 794 proferam.
609 739 722 783 Nam
771 755 913 782 rerum
963 743 1030 782 est
1079 740 1190 783 silua
1239 755 1396 796 magna
1445 755 1583 796 neque
1632 742 1677 783 in
1720 744 1841 783 tanta

321 810 578 864 scriptorum
616 811 929 854 rhetoricorum
962 812 1189 868 praecipue
1221 808 1644 868 Theophrasteorum
1675 813 1839 855 iactura

320 883 481 923 certum
524 883 736 937 quoddam
777 883 827 925 de
870 883 1049 939 singulis
1092 898 1238 926 earum
1282 884 1478 939 partibus
1520 886 1666 940 potest
1708 884 1840 926 statui

319 967 455 1008 neque
493 954 539 994 in
577 957 665 996 tam
703 955 915 997 immensa
952 955 1174 997 rhetorum
1205 955 1480 998 multitudine
1513 956 1563 997 de
1596 955 1842 998 auctoribus

320 1024 548 1079 quicquam
580 1025 650 1067 uia
684 1041 733 1068 ac
765 1026 929 1068 ratione
963 1027 1229 1082 inuestigari.
1289 1025 1530 1069 Clarissimi
1562 1028 1649 1069 illis
1681 1031 1846 1082 tempo-

319 1095 436 1137 ribus
470 1097 575 1138 artis
609 1096 846 1140 rhetoricae
881 1100 1080 1140 auctores
1112 1098 1383 1140 habebantur
1415 1098 1674 1140 Aristoteles
1706 1098 1844 1140 Theo-

319 1167 522 1222 phrastus
550 1167 842 1224 Hermagoras
870 1169 952 1211 ecui
979 1170 1162 1211 maxime
1188 1185 1267 1225 par
1295 1173 1423 1225 atque
1451 1170 1642 1212 aemulus
1676 1169 1845 1212 uidetur

319 1238 568 1281 Athenaeus
601 1239 747 1282 fuisse'
781 1243 828 1282 ut
859 1241 991 1283 refert
1017 1240 1194 1290 Quintil.
1220 1241 1285 1283 III
1314 1242 1352 1298 1,
1381 1242 1444 1284 16.
1496 1242 1638 1296 Atque
1664 1240 1843 1283 Herma-

322 1324 450 1365 gorae
494 1313 537 1352 et
581 1311 829 1354 Aristotelis
880 1315 1109 1368 praecepta
1152 1313 1315 1367 passim
1359 1313 1404 1354 in
1452 1313 1676 1368 utriusque
1721 1312 1844 1354 libris

321 1385 654 1437 cognoscuntur:
684 1383 793 1426 conf.
816 1398 945 1439 supra
965 1399 1004 1439 p.
1029 1385 1123 1427 109.
1149 1386 1230 1427 122
1258 1387 1300 1426 et
1327 1398 1434 1440 quae
1462 1383 1763 1426 adnotauimus
1791 1383 1844 1424 ad

318 1452 381 1494 IV
406 1453 477 1508 49,
503 1454 577 1496 62:
616 1455 729 1510 apud
761 1454 1008 1498 Ciceronem
1046 1456 1238 1510 integras
1275 1458 1421 1511 partes
1460 1456 1574 1497 illius
1609 1455 1761 1509 capitis
1795 1455 1844 1496 de

319 1524 403 1567 inu.
431 1524 451 1566 I
483 1526 551 1580 30,
577 1526 633 1568 46
673 1527 726 1568 ad
764 1526 942 1569 uerbum
975 1541 1026 1568 ex
1058 1527 1306 1570 Aristotelis
1346 1527 1562 1569 rhetorica
1593 1526 1637 1568 Π
1670 1541 1761 1582 cap.
1787 1527 1843 1568 23

319 1612 359 1650 p.
388 1597 499 1639 1397
535 1612 619 1639 una
646 1613 741 1640 cum
769 1599 975 1653 exemplis
1003 1599 1236 1641 translatas
1270 1613 1362 1641 esse
1394 1599 1480 1640 iam
1513 1598 1666 1640 statuit
1691 1597 1843 1639 Petrus

319 1667 550 1711 Victorius.
611 1670 806 1724 Apparet
843 1670 1038 1712 rhetores
1076 1671 1191 1713 illius
1230 1670 1437 1725 temporis
1477 1672 1518 1712 et
1551 1669 1843 1724 Hermagorae

321 1742 364 1781 et
395 1740 639 1782 Aristotelis
666 1743 896 1796 praecepta
927 1742 973 1783 in
1005 1757 1137 1784 unum
1170 1741 1376 1785 conflasse
1408 1741 1543 1783 uariis
1577 1755 1676 1782 usos
1709 1741 1840 1782 ratio-

320 1811 446 1853 nibus
484 1826 621 1867 neque
661 1812 883 1867 scriptoris
925 1813 976 1855 ad
1009 1813 1110 1856 Her.
1141 1828 1279 1868 neque
1314 1811 1532 1855 Ciceronis
1566 1826 1673 1868 opus
1706 1813 1843 1853 artem

321 1883 528 1939 appellari
565 1898 690 1938 posse
722 1883 1061 1939 Hermagoream
1094 1883 1247 1927 Latine
1286 1899 1465 1926 uersam.
1528 1882 1675 1938 Longe
1715 1883 1843 1924 aliam

321 1954 561 1996 doctrinam
600 1957 769 1997 secutus
804 1958 896 1998 erat
927 1955 984 1998 M.
1016 1956 1230 1998 Antonius
1263 1956 1336 2011 qui
1369 1958 1542 1997 auctore
1576 1948 1755 2004 Quintil.
1780 1953 1844 1994 ΠΙ

321 2026 358 2079 6,
385 2026 442 2067 45
480 2026 559 2068 tris
592 2028 731 2068 status
770 2027 873 2068 fecit
903 2027 970 2069 his
1002 2028 1165 2069 uerbis:
1211 2027 1399 2069 ePaucae
1431 2042 1497 2068 res
1533 2029 1651 2080 sunt,
1689 2025 1842 2081 quibus

321 2111 371 2138 ex
397 2097 523 2139 rebus
551 2112 698 2139 omnes
725 2098 941 2140 orationes
972 2101 1224 2141 nascuntur:
1257 2099 1419 2141 factum
1453 2113 1540 2140 non
1572 2097 1746 2151 factum,
1778 2096 1843 2138 ius

319 2168 492 2223 iniuria,
536 2169 696 2211 bonum
735 2170 923 2212 malum.²
986 2170 1137 2225 Itaque
1182 2173 1270 2212 tres
1314 2170 1379 2211 illi
1420 2172 1560 2211 status
1599 2183 1706 2224 quos
1744 2166 1844 2208 fecit

318 2239 377 2281 M.
410 2239 625 2282 Antonius
659 2244 760 2282 sunt
792 2242 1090 2283 coniecturalis
1124 2241 1374 2284 iuridicialis
1407 2241 1560 2282 tertius
1593 2240 1666 2281 ille
1699 2241 1842 2281 status

319 2311 422 2352 boni
454 2311 658 2366 malique,
692 2312 765 2366 qui
797 2325 930 2366 genus
966 2312 1294 2354 deliberatiuum
1327 2312 1640 2367 complectitur.
1710 2308 1843 2358 Τέλος

321 2378 368 2423 δὲ
402 2380 598 2431 ἑκάστοις
636 2383 805 2425 τούτων
844 2382 995 2438 ἕτερόν
1033 2382 1145 2437 ἐστι,
1183 2381 1255 2424 καὶ
1286 2381 1430 2437 τρισὶν
1465 2378 1593 2423 οὖσιν
1625 2382 1744 2435 τρία,
1782 2386 1841 2437 τῷ

319 2451 400 2507 μὲν
438 2454 790 2508 συμβουλεύοντι
827 2455 875 2496 τὸ
915 2452 1144 2509 συμφέρον
1182 2452 1254 2495 καὶ
1300 2454 1536 2508 βλαβερόν·
1582 2451 1604 2494 ὁ
1642 2448 1722 2505 μὲν
1757 2452 1841 2505 γὰρ

319 2523 577 2579 προτρέπων
626 2525 684 2574 ὡς
727 2524 901 2580 βέλτιον
954 2525 1266 2580 συμβουλεύει,
1321 2524 1344 2566 ὁ
1393 2523 1441 2565 δὲ
1485 2521 1741 2577 ἀποτρέπων
1785 2522 1843 2570 ὡς

319 2602 468 2650 χεῖρον
501 2594 732 2651 ἀποτρέπει
766 2594 918 2650 (Arist.
944 2595 1053 2638 rhet.
1078 2595 1097 2636 I
1131 2610 1222 2650 cap.
1250 2596 1275 2636 3
1309 2610 1348 2648 p.
1378 2595 1531 2637 135810
1558 2592 1647 2648 21).
1707 2591 1840 2641 Quem

321 2666 529 2709 Graecum
558 2669 775 2709 auctorem
802 2667 1017 2708 Antonius
1045 2669 1213 2708 secutus
1242 2666 1308 2720 sit,
1340 2666 1546 2707 traditum
1578 2678 1665 2706 non
1696 2665 1762 2704 est
1782 2687 1835 2692 ——

320 2737 613 2779 Menedemum
633 2738 847 2779 rhetorem
864 2737 1172 2779 Atheniensem
1188 2736 1350 2778 Romae
1373 2736 1488 2778 domi
1509 2735 1597 2777 eius
1620 2735 1839 2788 hospitem

321 2811 544 2861 exceptum
582 2808 714 2851 fuisse
754 2807 902 2851 Cicero
941 2811 1091 2850 narrat
1130 2808 1180 2849 de
1219 2822 1277 2848 or.
1310 2806 1331 2848 I
1366 2807 1437 2861 19,
1470 2805 1525 2847 85
1557 2829 1613 2834 —-
1647 2805 1839 2860 quisquis

321 2881 466 2919 tamen
491 2879 571 2919 fuit
599 2879 683 2933 ille,
710 2878 856 2920 eadem
883 2879 1049 2920 ratione
1071 2878 1285 2919 Athenaei
1312 2877 1361 2918 de
1389 2876 1574 2918 statibus
1601 2875 1838 2917 doctrinam
