2003 3116
653 176 1019 209 PROLEGOMENA.
1546 173 1602 214 25

83 284 314 326 simillima.
370 282 578 326 Attamen
608 285 653 326 in
686 285 868 326 aliorum
902 284 1158 339 scriptorum
1189 284 1312 326 libris
1344 283 1419 324 illa
1452 298 1476 324 a
1509 285 1552 324 et
1583 297 1604 324 r

81 355 250 397 litterae
282 355 478 398 confusio
509 370 683 410 perraro
715 356 945 398 inuenitur.
994 356 1121 411 Apud
1154 355 1410 397 GHeraeum
1443 356 1604 410 quaest.

84 427 216 469 critic.
244 430 286 468 et
317 427 530 482 palaeogr.
556 427 606 469 de
632 427 939 469 uetustissimis
965 427 1084 470 codd.
1109 426 1299 468 Liuianis
1326 425 1468 468 Berol.
1493 424 1606 467 1885

84 513 123 553 p.
150 499 206 540 92
223 513 337 553 seqq.
364 498 530 540 nullum
562 498 734 540 inuenio
768 498 1026 552 exemplum:
1059 498 1103 539 in
1129 497 1318 540 Lucretii
1338 495 1433 538 cod.
1461 496 1604 538 arche·

86 575 191 624 typo
225 569 430 623 scriptum
469 570 561 609 erat
591 567 610 609 I
643 568 727 610 919
760 584 836 623 pro
870 568 1056 610 tremulo:
1098 569 1289 622 taeinuto,
1320 566 1383 609 VI
1417 567 1501 609 716
1527 581 1604 622 pro

86 641 242 683 etesiae:
283 640 427 682 ctesire.
480 638 600 688 Quod
633 639 677 680 in
708 641 773 681 tot
811 639 984 681 milibus
1022 639 1224 681 uers'uum
1259 653 1355 681 cum
1386 642 1477 680 tam
1508 653 1604 680 raro

87 711 298 765 acciderit,
329 725 425 753 cum
457 711 532 752 illa
563 725 670 766 quae
702 711 747 752 in
771 716 816 752 M
841 712 932 753 tam
959 725 1085 764 saepe
1111 710 1328 752 inuenitur
1355 709 1605 752 confusione

89 782 327 837 comparari
364 782 523 837 nequit.
580 773 730 837 Magni
767 796 868 824 uero
906 781 1035 836 pretii
1076 796 1124 824 ea
1157 796 1264 836 quae
1303 781 1429 823 modo
1464 781 1611 822 obser*

86 853 186 895 uaui
219 852 271 895 ad
303 853 644 895 emendationem
681 853 779 895 libri
811 853 943 896 fuisse
977 868 1026 895 ex
1059 853 1118 895 eis
1153 867 1259 908 quos
1298 852 1471 894 laudaui
1502 852 1609 893 locis

86 924 211 967 facile
238 925 520 980 cognoscitur.
573 924 735 974 Quibus
769 924 866 966 addi
900 927 1082 979 possunt
1115 924 1188 966 alii
1220 923 1444 979 permulti:
1477 922 1640 980 ueluti·

86 995 129 1038 lI
162 997 230 1050 23,
255 997 310 1038 36
355 996 510 1050 Nempe
552 1009 643 1051 erqo
686 997 732 1038 id
770 996 927 1049 factum
968 996 1073 1048 forte
1115 998 1188 1037 aut
1227 995 1399 1047 fortuna
1443 994 1610 1048 obtiyit?

89 1068 160 1110 ubi
199 1082 276 1121 pro
315 1066 473 1120 factum
506 1067 618 1122 quod
657 1067 848 1109 restituit
883 1067 1168 1110 Buechelerus
1200 1074 1245 1109 M
1276 1066 1428 1108 habuit
1463 1066 1615 1119 fructa,

88 1140 156 1194 21,
177 1139 233 1182 34
259 1138 332 1180 ubi
357 1152 435 1192 pro
466 1137 598 1190 falsa:
627 1138 790 1193 fraasa,
821 1138 883 1180 IV
911 1139 981 1194 24,
1001 1139 1057 1180 34
1089 1139 1160 1181 ubi
1192 1153 1270 1193 pro
1303 1137 1615 1180 circumsedercr

88 1211 324 1253 dimicarent
355 1215 400 1250 M
431 1209 582 1251 habuit
614 1210 929 1252 circumsederea
960 1211 1209 1253 dimicarent.

206 1282 434 1323 Praeterea
459 1281 683 1324 librarium
717 1283 875 1325 codicis
901 1289 946 1324 M
971 1283 1133 1337 passim
1155 1298 1181 1336 p
1203 1284 1245 1323 et
1267 1269 1475 1323 rlitteras
1503 1282 1614 1322 inter

91 1370 134 1396 se
163 1355 449 1396 commutasse
474 1353 542 1394 his
571 1354 774 1408 exemplis
801 1354 1091 1409 cognoscitur:
1118 1353 1161 1394 II
1183 1354 1252 1407 27,
1271 1353 1328 1394 44
1355 1367 1433 1407 pro
1460 1367 1486 1394 a
1513 1356 1615 1394 certo

88 1425 249 1467 homine
279 1423 325 1465 in
351 1429 395 1464 M
422 1423 503 1464 fuit
535 1426 691 1477 accepto
722 1424 894 1478 homine,
927 1425 995 1477 31,
1018 1424 1074 1466 50
1099 1439 1177 1479 pro
1212 1424 1398 1466 relicum:
1426 1423 1615 1477 pelicum,

89 1495 154 1537 ΠΙ
186 1496 251 1551 12,
271 1496 322 1537 21
360 1509 435 1549 pro
468 1496 684 1537 remittere:
708 1496 952 1550 permittere,
984 1494 1046 1537 IV
1067 1495 1209 1551 3251
1245 1509 1322 1550 pro
1355 1498 1448 1536 ante
1474 1496 1611 1548 pedes:

89 1571 182 1609 ante
224 1567 400 1620 heredes,
444 1566 587 1619 37‚49
633 1581 709 1621 pro
748 1567 942 1609 testatiore
987 1568 1163 1609 ratione:
1208 1567 1336 1608 astuti
1374 1566 1615 1619 operatione,

90 1638 159 1693 48,
181 1639 233 1680 61
268 1653 345 1692 pro
382 1650 488 1685 reni:
526 1650 646 1690 spem.
699 1636 845 1693 Neque
887 1638 970 1679 alia
1009 1638 1175 1680 ratione
1215 1637 1512 1693 explicandum
1554 1640 1617 1679 est

91 1709 204 1764 quod
224 1708 356 1763 1123,
378 1708 432 1750 36
459 1722 535 1762 pro
561 1722 702 1762 nempe
729 1723 820 1764 erqo
846 1715 890 1750 M
914 1709 1067 1750 habuit
1099 1723 1238 1763 ⁴nempe
1263 1695 1306 1750 ic
1337 1723 1440 1764 erqo,
1472 1709 1540 1763 30,
1561 1709 1616 1750 49

91 1796 168 1836 pro
206 1794 383 1835 quaeqae
419 1793 523 1821 rein:
562 1794 740 1834 quaeque
779 1795 924 1834 rerem,
965 1781 1091 1822 sicuti
1124 1780 1165 1821 H
1198 1780 1327 1822 habet
1366 1779 1433 1821 ΠΙ
1466 1781 1534 1836 24,
1562 1782 1619 1822 40

92 1867 168 1908 pro
196 1855 418 1906 tantopere:
440 1854 611 1906 tantope,
642 1851 706 1893 IV
730 1853 796 1907 13,
822 1853 871 1894 19
898 1867 976 1908 pro
1003 1853 1243 1906 repetimus:
1262 1853 1451 1907 petimus,
1477 1852 1542 1905 14,
1562 1853 1619 1894 20

91 1939 167 1979 pro
200 1937 338 1978 saepe:
368 1937 538 1977 saeperc.
590 1923 628 1964 R
660 1926 701 1965 et
733 1923 765 1964 P
794 1923 964 1966 litterae
998 1923 1380 1966 commutationem
1413 1923 1457 1965 in
1488 1924 1613 1978 pluri·

93 1997 171 2038 bus
199 1995 426 2051 generibus
454 1995 760 2050 scripturarum
789 2010 867 2036 usu
894 1996 1041 2038 uenire
1069 1996 1173 2038 satis
1200 1997 1352 2037 notum
1379 1997 1456 2037 est.
1498 1995 1619 2045 Quod

91 2067 204 2109 idem
237 2067 350 2109 cadit
382 2067 427 2107 in
460 2066 840 2108 commutationem
874 2066 906 2110 C
941 2069 982 2109 et
1013 2066 1049 2109 G
1082 2067 1323 2109 litterarum
1359 2081 1466 2121 quae
1500 2066 1620 2108 offer-

92 2143 163 2180 tur
187 2139 254 2180 his
281 2139 404 2180 locis:
437 2137 459 2179 I
479 2138 518 2189 9,
542 2138 595 2179 14
620 2152 698 2192 pro
721 2137 946 2195 Illeyarani
972 2138 1017 2179 iu
1042 2144 1088 2179 M
1113 2138 1196 2180 fuit
1222 2151 1440 2192 neccaram,
1476 2139 1543 2192 12,
1565 2139 1620 2179 22

93 2225 171 2264 pro
205 2209 369 2252 Graeci:
407 2210 522 2264 creti,
561 2208 627 2250 III
662 2209 729 2263 16,
749 2210 804 2251 28
838 2224 914 2263 pro
947 2210 1202 2264 coyitatione:
1240 2209 1520 2262 concitatione,
1559 2208 1621 2249 IV

98 2281 164 2336 15,
178 2281 234 2323 22
260 2295 337 2335 pro
363 2281 538 2335 conficit:
571 2281 743 2335 coivfiyz't,
778 2281 846 2334 38,
867 2281 923 2323 50
948 2296 1026 2336 pro
1052 2281 1231 2336 suffitur:
1262 2281 1447 2334 fnlcitm,
1479 2279 1549 2335 55,
1563 2280 1618 2321 68

93 2367 171 2407 pro
215 2352 337 2394 ealce:
382 2351 507 2406 yalte:
558 2351 603 2392 in
640 2350 682 2392 H
727 2352 818 2393 solo
864 2366 1186 2406 nonnumquam
1230 2354 1366 2393 restat
1409 2351 1617 2406 scriptum

92 2423 264 2477 negasti,
308 2426 477 2477 negatus
521 2436 598 2477 pro
644 2424 812 2478 necasti,
853 2426 1034 2477 necatas,
1079 2422 1222 2477 1127,
1250 2423 1306 2464 44
1352 2422 1415 2464 IV
1448 2423 1523 2477 2-1,
1550 2423 1618 2464 33.

95 2494 241 2536 Etiam
270 2509 290 2535 e
317 2497 359 2536 et
384 2495 404 2536 f
424 2495 594 2536 litterae
626 2509 948 2549 nonnumquam
980 2495 1093 2536 inter
1125 2509 1168 2536 se
1201 2497 1493 2536 commutatae
1521 2498 1620 2535 sunt

96 2565 234 2607 ueluti
266 2565 329 2607 IV
358 2566 425 2621 16,
444 2566 501 2608 23
533 2581 609 2620 pro
643 2580 779 2608 eornm
805 2573 851 2608 M
876 2566 1027 2607 habuit
1055 2566 1207 2620 foram,
1239 2581 1316 2620 pro
1349 2566 1444 2607 Ea:
1478 2565 1621 2606 Facta.

97 2637 236 2687 Quare
269 2639 383 2680 recte
416 2651 466 2678 ex
498 2637 615 2678 codd.
649 2637 861 2692 scriptura
892 2637 1156 2692 reliquorum
1190 2637 1356 2691 legetur
1387 2636 1449 2677 IV
1476 2637 1544 2690 26,
1566 2637 1621 2677 313

96 2710 152 2750 ad
181 2709 340 2750 electius
370 2708 538 2750 uerbum
564 2708 636 2750 ubi
662 2715 707 2750 M
733 2708 886 2751 habuit
918 2708 1088 2761 adfectis
1117 2708 1298 2762 uerbum,
1329 2708 1404 2762 44,
1425 2707 1479 2749 57
1516 2708 1622 2749 inco-

98 2780 224 2822 lumes
254 2783 471 2822 euaserant
500 2779 575 2821 ubi
606 2787 652 2821 M
684 2795 807 2835 quem
842 2795 860 2821 s
894 2795 989 2822 cum
1017 2795 1043 2821 u
1071 2779 1329 2821 confundere
1358 2794 1487 2833 supra
1519 2779 1623 2820 uidi-

97 2866 191 2893 mus
224 2851 397 2906 scripsit
438 2851 654 2893 incolumes
688 2851 875 2905 fuerunt,
915 2865 964 2892 ex
996 2850 1196 2892 Lambini
1229 2850 1524 2892 emendatione
1558 2849 1622 2891 IV

99 2922 164 2976 39,
186 2921 237 2964 51
281 2922 338 2964 teo
375 2923 544 2964 emissas
582 2922 655 2964 ubi
687 2928 733 2964 M
764 2922 916 2964 habuit
953 2923 1009 2964 teo
1044 2922 1256 2974 focnissns.
1319 2921 1513 2977 Denique
1544 2937 1621 2976 pro
