2003 3116
685 122 1054 156 PROLEGOMENA.
1563 119 1616 161 91

99 231 162 274 IV
189 231 259 285 54,
280 232 334 274 67
368 232 413 274 in
445 235 532 274 arte
563 231 846 288 grammatica
882 231 947 287 12,
970 231 1040 272 17:
1072 231 1230 286 legitur
1262 231 1331 284 56,
1352 231 1425 272 69:
1459 232 1506 271 ut
1531 243 1620 271 con-

99 317 318 357 sequamur
348 304 454 346 ariis
483 304 684 346 rationem
714 304 848 345 studio
880 306 917 344 ct
946 302 1227 344 exercitatione
1258 302 1297 356 2,
1318 303 1362 344 3:
1394 300 1550 356 redigit
1575 300 1620 341 in

101 374 292 429 singulas
324 376 504 417 rationes
534 375 826 428 praeceptionis
858 374 926 428 35,
946 375 1020 415 47:
1059 387 1180 427 opera
1217 376 1254 415 et
1288 373 1500 427 diliyemia
1530 385 1620 414 coii-

99 446 213 498 sequi·
257 449 430 487 senatus
474 446 759 498 uoluntatem,
805 445 984 499 denique
1031 444 1259 485 assiduitas
1302 443 1620 485 exercitationis

99 516 298 558 laudatur
324 516 367 558 Π
393 517 431 570 8,
454 517 507 558 12
539 516 606 557 his
633 515 791 557 uerbis:
828 515 879 557 ‘si
906 515 958 557 ad
983 515 1095 557 hanc
1120 515 1332 556 rationem
1358 515 1619 569 praeceptio—

100 588 170 629 nis
195 587 493 630 adsiduitatem
521 587 836 628 exercitationis
865 584 1301 628 adcommodaremus'
1324 588 1366 626 et
1385 585 1450 626 ΠΙ
1464 586 1533 636 24,
1545 586 1620 627 4οε

102 658 287 700 ‘infirma
325 661 390 700 est
429 658 534 700 artis
572 657 815 713 praeceptio
850 657 941 699 sine
974 671 1141 698 summa
1174 656 1430 698 adsiduitate
1464 657 1621 698 exerci-

101 728 296 771 tationis'
324 744 357 771 e.
377 745 415 785 q.
437 745 469 771 s.
518 729 666 771 Etiam
698 729 956 784 principium
988 728 1122 770 totius
1154 728 1238 770 loci
1277 728 1381 769 illud
1414 727 1507 770 dico
1538 727 1622 770 De-

100 804 373 844 monstratum
410 805 469 844 est
503 802 613 843 enim
650 801 775 855 plane
808 815 858 842 ex
890 815 968 842 usu
1001 799 1224 854 scriptoris
1262 798 1422 840 dictum
1455 801 1520 840 est
1551 801 1621 854 qui

100 873 208 915 enim
239 873 367 915 tertio
399 873 493 914 loco
526 872 697 915 nonnisi
734 874 836 927 post
872 875 930 914 est
966 871 1223 913 uocabulum
1263 870 1402 912 uoluit
1441 870 1544 924 poni
1576 873 1624 911 ut

100 942 164 985 ΠΙ
197 945 270 998 24,
296 944 353 986 40
392 943 658 999 ‘Numquam
697 947 763 985 est
801 942 935 985 enim'
980 942 1043 985 IV
1071 943 1161 997 2,3
1207 941 1332 992 ‘Quis
1377 946 1442 984 est
1488 940 1622 983 enim'

104 1016 170 1069 17,
195 1015 252 1058 25
290 1014 498 1058 ‘Necesse
537 1018 603 1057 est
641 1015 776 1056 enim'
809 1014 885 1071 36,
910 1015 965 1057 48
1006 1014 1138 1064 ‘Quid
1178 1016 1243 1056 est
1280 1012 1429 1056 enim'.
1490 1013 1623 1055 Porro

102 1086 215 1140 quod
251 1086 397 1141 posuit
433 1100 510 1140 quo
547 1086 663 1128 modo
700 1100 777 1139 quo
806 1089 929 1140 pacto
954 1100 1036 1140 qua
1072 1086 1231 1127 ratione
1261 1100 1344 1139 qua
1374 1086 1448 1127 uia
1479 1085 1625 1139 quibus

103 1158 233 1200 modis
271 1157 501 1200 secundum
542 1157 732 1199 ordinem
766 1173 790 1199 a
822 1158 927 1200 trito
967 1157 1019 1199 ad
1057 1157 1195 1199 rarius
1235 1156 1491 1198 uocabulum
1530 1171 1623 1211 pro-

104 1228 312 1284 grediens,
344 1229 394 1271 de
427 1244 476 1271 ea
508 1244 553 1270 re
586 1229 695 1271 conf.
727 1229 788 1271 IV
817 1229 855 1280 8,
878 1230 931 1271 12
967 1229 1038 1270 ubi
1072 1229 1213 1284 priore
1247 1228 1341 1270 loco
1374 1228 1518 1283 posuit
1547 1242 1625 1282 quo

94 1304 232 1355 pacto,
270 1300 461 1354 sequitur
492 1315 569 1354 quo
600 1302 716 1342 modo
759 1299 780 1341 I
810 1301 881 1354 16,
902 1299 958 1341 25
995 1314 1071 1353 quo
1104 1300 1218 1341 modo
1260 1314 1331 1340 eas
1364 1301 1407 1340 et
1437 1312 1519 1352 qua
1549 1300 1623 1340 uia

102 1371 278 1413 tractari
292 1372 530 1426 conueniat,
550 1371 614 1413 ΠΙ
627 1373 704 1425 3,4
723 1386 800 1425 quo
820 1373 936 1414 modo
958 1375 1031 1413 aut
1051 1385 1133 1424 qua
1154 1370 1338 1425 quidque
1359 1371 1515 1412 ratione
1530 1370 1622 1411 fieri

103 1446 318 1498 oporteat3
349 1443 494 1496 quibus
519 1444 650 1485 modis
680 1458 765 1485 non
794 1443 901 1484 dixit
926 1442 999 1484 secl
1031 1445 1222 1496 quattuor
1247 1442 1378 1484 modis
1404 1442 1469 1483 bis
1496 1441 1517 1483 Ι
1537 1443 1577 1496 4,
1598 1442 1623 1483 8

102 1513 165 1556 IV
191 1514 265 1568 45,
292 1514 346 1556 59
386 1518 429 1556 et
467 1514 667 1556 audacius
706 1514 828 1556 illud:
869 1514 1016 1556 ‘isdem
1053 1515 1135 1555 uiis
1172 1513 1318 1566 quibus
1357 1513 1495 1555 omnis
1528 1527 1625 1555 con-

102 1585 265 1626 iectura
296 1584 521 1627 tractatur’
548 1600 705 1640 ponere
738 1585 892 1627 maluit
918 1585 959 1627 II
982 1586 1019 1639 7,
1042 1585 1106 1627 10.
1152 1585 1345 1640 Denique
1374 1584 1623 1626 aduerbium

101 1657 287 1699 ordinate
317 1657 430 1711 quod
467 1657 509 1698 in
548 1657 762 1712 plerisque
797 1660 862 1699 est
893 1657 1013 1699 codd.
1046 1671 1306 1712 quamquam
1337 1655 1510 1698 nonnisi
1543 1656 1624 1698 hoc

102 1728 196 1770 loco
229 1728 388 1782 legitur
418 1731 565 1771 tamen
601 1743 738 1784 neque
776 1743 953 1783 prorsus
993 1743 1156 1771 nouum
1196 1731 1262 1769 est
1293 1742 1388 1770 cum
1422 1727 1480 1768 sit
1513 1726 1625 1781 apud

103 1797 189 1841 Cic.
222 1799 272 1841 de
304 1800 390 1841 inu.
421 1799 442 1841 Ι
473 1801 537 1853 14,
560 1801 631 1842 19:
669 1799 781 1842 ‘tum
816 1800 997 1855 denique
1030 1799 1294 1841 ordinandae
1328 1803 1427 1840 sunt
1461 1801 1626 1840 ceterae

105 1874 248 1926 partes
288 1870 517 1913 orationis’
551 1874 593 1912 et
632 1871 676 1912 in
717 1871 925 1913 eiusmodi
958 1871 1173 1913 aduerbiis
1208 1886 1232 1912 a
1263 1870 1503 1925 participiis
1537 1884 1628 1923 per-

106 1941 205 1983 fecti
238 1941 375 1983 ductis
408 1941 546 1983 multa
578 1942 758 1984 nouauit
791 1942 974 1997 scriptor
1001 1942 1072 1997 qui
1100 1944 1174 1982 aut
1206 1941 1368 1995 primus
1403 1944 1476 1982 aut
1509 1941 1624 1982 solus

104 2013 294 2054 omnium
327 2013 481 2055 dixerit
519 2014 892 2056 adcimiulatissime
929 2016 1156 2055 commutate
1194 2014 1428 2065 confirmate
1452 2012 1628 2066 perpoli-

103 2074 256 2126 tissimc
282 2084 383 2126 alia:
417 2084 616 2126 similiter
642 2088 788 2126 tamen
816 2088 944 2140 atque
970 2085 1015 2125 in
1041 2084 1121 2125 hac
1147 2097 1250 2125 uoce
1276 2083 1484 2125 fluctuant
1510 2083 1626 2124 codd.

104 2155 146 2195 in
167 2158 355 2208 perpetue
380 2154 597 2197 aduerbio.
648 2155 764 2210 Ergo
793 2157 865 2210 qui
892 2158 1067 2210 propter
1092 2155 1197 2196 haec
1224 2154 1358 2196 uerba
1385 2149 1435 2195 cle
1461 2154 1626 2209 origine

105 2225 262 2281 epilogi
299 2226 423 2268 istius
463 2227 648 2279 dubitat,
686 2228 722 2268 is
764 2226 883 2268 nulla
920 2241 964 2268 re
1004 2226 1234 2280 impeditur
1274 2226 1499 2280 quominus
1533 2239 1627 2267 cuin

105 2297 195 2339 cod.
226 2294 269 2338 H
300 2297 381 2339 hoc
413 2298 507 2340 loco
540 2298 661 2354 legat
684 2302 892 2352 perpetuo,
927 2313 1021 2340 cum
1055 2313 1079 2340 0
1113 2301 1156 2339 et
1188 2313 1209 2339 e
1239 2297 1485 2350 saepissime
1518 2297 1630 2338 iuter

105 2384 149 2410 se
181 2368 510 2423 confundantur,
549 2384 645 2411 cum
678 2369 797 2412 codd.
828 2369 899 2411 PG
939 2370 1082 2412 ordine
1113 2384 1219 2424 quae
1257 2369 1389 2410 uerba
1426 2368 1629 2423 leguntur

103 2439 146 2481 II
173 2440 242 2494 30,
261 2441 316 2482 47
350 2441 410 2482 bis
447 2439 513 2482 III
545 2442 583 2495 7,
607 2442 660 2483 13
708 2441 728 2482 Ι
763 2442 800 2495 7,
829 2442 879 2483 11
928 2440 992 2483 III
1022 2443 1087 2496 18,
1116 2442 1185 2483 31.
1248 2439 1329 2482 Sed
1366 2454 1446 2481 nos
1482 2454 1626 2481 cauea-

105 2526 199 2553 mus
237 2525 290 2552 ne
327 2511 408 2553 hoc
445 2512 739 2554 testimonium
781 2512 1099 2553 exercitationis
1140 2511 1380 2553 rhetoricae
1413 2510 1628 2552 deleamus

106 2582 339 2636 egregium.
391 2581 585 2636 Apparet
615 2596 772 2636 pueros
805 2582 850 2623 in
883 2583 1107 2624 scribendo
1134 2597 1234 2624 usos
1261 2597 1352 2624 esse
1380 2581 1629 2623 collectione

107 2652 290 2707 quadam
332 2667 669 2707 synonymorum
709 2653 880 2707 qualem
918 2656 1225 2695 commemorat
1264 2652 1553 2702 Quintilianus
1590 2652 1629 2693 X

108 2725 145 2778 1,
174 2724 216 2765 7:
249 2723 323 2765 ‘Et
361 2737 468 2778 quae
507 2723 621 2765 idem
659 2724 951 2778 significarent
990 2724 1141 2766 solitos
1180 2724 1266 2766 scio
1306 2724 1510 2778 ediscere,
1545 2737 1627 2778 quo

106 2794 279 2837 facilius
320 2798 362 2836 et
400 2797 641 2836 occurreret
678 2809 807 2836 unum
847 2809 897 2836 ex
935 2795 1129 2849 pluribus
1168 2798 1210 2836 et
1248 2810 1342 2837 cum
1381 2798 1521 2836 essent
1564 2795 1629 2836 usi

110 2866 265 2920 aliquo,
298 2866 334 2907 si
365 2867 495 2908 breue
528 2866 643 2907 intra
676 2866 862 2922 spatium
896 2881 1041 2908 rursus
1076 2866 1398 2919 desideraretur,
1429 2866 1629 2922 effugien-
