<?xml version="1.0" encoding="UTF-8"?>
<!DOCTYPE html PUBLIC "-//W3C//DTD XHTML 1.0 Transitional//EN"
    "http://www.w3.org/TR/xhtml1/DTD/xhtml1-transitional.dtd">
<html xmlns="http://www.w3.org/1999/xhtml" xml:lang="en" lang="en">
 <head>
  <title>
</title>
<meta http-equiv="Content-Type" content="text/html;charset=utf-8" />
  <meta name='ocr-system' content='tesseract 3.04.00' />
  <meta name='ocr-capabilities' content='ocr_page ocr_carea ocr_par ocr_line ocrx_word'/>
</head>
<body>
  <div class='ocr_page' id='page_1' title='image "./incertiauctorisd00marxuoft_0105.png"; bbox 0 0 2003 3116; ppageno 0'>
   <div class='ocr_carea' id='block_1_1' title="bbox 680 112 1625 154">
    <p class='ocr_par' dir='ltr' id='par_1_1' title="bbox 680 112 1625 154">
     <span class='ocr_line' id='line_1_1' title="bbox 680 112 1625 154; baseline 0 0"><span class='ocrx_word' id='word_1_1' title='bbox 680 119 1047 154; x_wconf 84' lang='lat' dir='ltr'><strong>PROLEGOMENA.</strong></span> <span class='ocrx_word' id='word_1_2' title='bbox 1571 112 1625 154; x_wconf 83' lang='lat'>89</span> 
     </span>
    </p>
   </div>
   <div class='ocr_carea' id='block_1_2' title="bbox 113 221 1654 2923">
    <p class='ocr_par' dir='ltr' id='par_1_2' title="bbox 113 221 1654 2923">
     <span class='ocr_line' id='line_1_2' title="bbox 113 221 1630 287; baseline -0.007 -13"><span class='ocrx_word' id='word_1_3' title='bbox 113 230 463 287; x_wconf 48' lang='lat' dir='ltr'>amplificatione‘</span> <span class='ocrx_word' id='word_1_4' title='bbox 485 230 676 273; x_wconf 89' lang='lat' dir='ltr'>animum</span> <span class='ocrx_word' id='word_1_5' title='bbox 714 228 923 271; x_wconf 90' lang='lat' dir='ltr'>auditoris</span> <span class='ocrx_word' id='word_1_6' title='bbox 963 227 1015 269; x_wconf 91' lang='lat' dir='ltr'>ad</span> <span class='ocrx_word' id='word_1_7' title='bbox 1054 225 1389 268; x_wconf 89' lang='lat' dir='ltr'>misericordiam</span> <span class='ocrx_word' id='word_1_8' title='bbox 1422 221 1630 279; x_wconf 74' lang='lat' dir='ltr'>perducit’</span> 
     </span>
     <span class='ocr_line' id='line_1_3' title="bbox 113 294 1631 357; baseline -0.007 -12"><span class='ocrx_word' id='word_1_9' title='bbox 113 303 209 345; x_wconf 85' lang='lat' dir='ltr'>alia.</span> <span class='ocrx_word' id='word_1_10' title='bbox 259 302 487 344; x_wconf 88' lang='lat' dir='ltr'>Praeterea</span> <span class='ocrx_word' id='word_1_11' title='bbox 531 301 780 357; x_wconf 83' lang='lat' dir='ltr'>saepissime</span> <span class='ocrx_word' id='word_1_12' title='bbox 825 298 1225 354; x_wconf 71' lang='lat' dir='ltr'><strong>interpretationem</strong></span> <span class='ocrx_word' id='word_1_13' title='bbox 1269 311 1352 352; x_wconf 89' lang='lat' dir='ltr'>qua</span> <span class='ocrx_word' id='word_1_14' title='bbox 1393 296 1443 337; x_wconf 91' lang='lat' dir='ltr'>de</span> <span class='ocrx_word' id='word_1_15' title='bbox 1489 294 1631 349; x_wconf 86' lang='lat' dir='ltr'>agitur</span> 
     </span>
     <span class='ocr_line' id='line_1_4' title="bbox 113 364 1632 429; baseline -0.007 -13"><span class='ocrx_word' id='word_1_16' title='bbox 113 372 177 416; x_wconf 91' lang='lat' dir='ltr'>IV</span> <span class='ocrx_word' id='word_1_17' title='bbox 203 374 272 428; x_wconf 83' lang='grc'>28,</span> <span class='ocrx_word' id='word_1_18' title='bbox 293 374 347 416; x_wconf 83' lang='lat'>38</span> <span class='ocrx_word' id='word_1_19' title='bbox 388 389 470 429; x_wconf 89' lang='lat' dir='ltr'>quo</span> <span class='ocrx_word' id='word_1_20' title='bbox 504 374 669 429; x_wconf 80' lang='lat' dir='ltr'>gratior</span> <span class='ocrx_word' id='word_1_21' title='bbox 701 375 743 414; x_wconf 86' lang='lat' dir='ltr'>et</span> <span class='ocrx_word' id='word_1_22' title='bbox 775 371 1022 414; x_wconf 85' lang='lat' dir='ltr'>concinnior</span> <span class='ocrx_word' id='word_1_23' title='bbox 1053 370 1130 411; x_wconf 86' lang='lat' dir='ltr'>fiat</span> <span class='ocrx_word' id='word_1_24' title='bbox 1161 368 1299 411; x_wconf 90' lang='lat' dir='ltr'>oratio</span> <span class='ocrx_word' id='word_1_25' title='bbox 1333 366 1527 409; x_wconf 72' lang='lat' dir='ltr'>adhibuit</span> <span class='ocrx_word' id='word_1_26' title='bbox 1560 364 1632 407; x_wconf 89' lang='lat' dir='ltr'>sed</span> 
     </span>
     <span class='ocr_line' id='line_1_5' title="bbox 115 436 1633 499; baseline -0.007 -12"><span class='ocrx_word' id='word_1_27' title='bbox 115 445 343 487; x_wconf 84' lang='lat' dir='ltr'>admodum</span> <span class='ocrx_word' id='word_1_28' title='bbox 383 445 604 499; x_wconf 78' lang='lat' dir='ltr'>pueriliter</span> <span class='ocrx_word' id='word_1_29' title='bbox 638 446 680 485; x_wconf 88' lang='lat' dir='ltr'>et</span> <span class='ocrx_word' id='word_1_30' title='bbox 711 443 903 485; x_wconf 91' lang='lat' dir='ltr'>delicate.</span> <span class='ocrx_word' id='word_1_31' title='bbox 967 440 1087 483; x_wconf 83' lang='lat' dir='ltr'>Conf.</span> <span class='ocrx_word' id='word_1_32' title='bbox 1119 440 1248 482; x_wconf 89' lang='lat' dir='ltr'>uelim</span> <span class='ocrx_word' id='word_1_33' title='bbox 1279 438 1321 480; x_wconf 87' lang='lat' dir='ltr'>II</span> <span class='ocrx_word' id='word_1_34' title='bbox 1347 440 1393 494; x_wconf 75' lang='lat'>4,</span> <span class='ocrx_word' id='word_1_35' title='bbox 1414 438 1458 479; x_wconf 82' lang='lat'>7:</span> <span class='ocrx_word' id='word_1_36' title='bbox 1492 436 1552 478; x_wconf 71' lang='lat' dir='ltr'>‘si</span> <span class='ocrx_word' id='word_1_37' title='bbox 1584 451 1633 478; x_wconf 77' lang='lat' dir='ltr'>ex</span> 
     </span>
     <span class='ocr_line' id='line_1_6' title="bbox 117 509 1633 571; baseline -0.006 -13"><span class='ocrx_word' id='word_1_38' title='bbox 117 517 251 558; x_wconf 85' lang='lat' dir='ltr'>altera</span> <span class='ocrx_word' id='word_1_39' title='bbox 281 519 403 571; x_wconf 88' lang='lat' dir='ltr'>parte</span> <span class='ocrx_word' id='word_1_40' title='bbox 435 516 545 557; x_wconf 86' lang='lat' dir='ltr'>uires</span> <span class='ocrx_word' id='word_1_41' title='bbox 584 514 764 568; x_wconf 85' lang='lat' dir='ltr'>pecunia</span> <span class='ocrx_word' id='word_1_42' title='bbox 797 513 1024 555; x_wconf 90' lang='lat' dir='ltr'>consilium</span> <span class='ocrx_word' id='word_1_43' title='bbox 1056 511 1235 553; x_wconf 90' lang='lat' dir='ltr'>scientia</span> <span class='ocrx_word' id='word_1_44' title='bbox 1267 509 1491 564; x_wconf 78' lang='lat' dir='ltr'>apparatio</span> <span class='ocrx_word' id='word_1_45' title='bbox 1523 509 1633 550; x_wconf 76' lang='lat' dir='ltr'>uide-</span> 
     </span>
     <span class='ocr_line' id='line_1_7' title="bbox 116 579 1633 640; baseline -0.007 -10"><span class='ocrx_word' id='word_1_46' title='bbox 116 589 226 630; x_wconf 70' lang='lat' dir='ltr'>bitur</span> <span class='ocrx_word' id='word_1_47' title='bbox 252 587 382 640; x_wconf 78' lang='lat' dir='ltr'>fuisse</span> <span class='ocrx_word' id='word_1_48' title='bbox 419 602 468 627; x_wconf 84' lang='lat' dir='ltr'>ex</span> <span class='ocrx_word' id='word_1_49' title='bbox 507 586 641 627; x_wconf 86' lang='lat' dir='ltr'>altera</span> <span class='ocrx_word' id='word_1_50' title='bbox 672 585 929 626; x_wconf 76' lang='lat' dir='ltr'>inbecillitas</span> <span class='ocrx_word' id='word_1_51' title='bbox 961 583 1108 637; x_wconf 88' lang='lat' dir='ltr'>inopia</span> <span class='ocrx_word' id='word_1_52' title='bbox 1142 581 1328 623; x_wconf 87' lang='lat' dir='ltr'>stultitia</span> <span class='ocrx_word' id='word_1_53' title='bbox 1360 579 1633 634; x_wconf 88' lang='lat' dir='ltr'>inprudentia</span> 
     </span>
     <span class='ocr_line' id='line_1_8' title="bbox 116 651 1635 714; baseline -0.007 -13"><span class='ocrx_word' id='word_1_54' title='bbox 116 658 385 714; x_wconf 87' lang='lat' dir='ltr'>inapparatio</span> <span class='ocrx_word' id='word_1_55' title='bbox 423 657 763 700; x_wconf 57' lang='lat' dir='ltr'>demonstrabam·</span> <span class='ocrx_word' id='word_1_56' title='bbox 798 653 946 708; x_wconf 77' lang='lat' dir='ltr'>fuisse’</span> <span class='ocrx_word' id='word_1_57' title='bbox 990 657 1032 695; x_wconf 91' lang='lat' dir='ltr'>et</span> <span class='ocrx_word' id='word_1_58' title='bbox 1072 652 1134 694; x_wconf 86' lang='lat' dir='ltr'>IV</span> <span class='ocrx_word' id='word_1_59' title='bbox 1167 652 1241 707; x_wconf 78' lang='lat'>25,</span> <span class='ocrx_word' id='word_1_60' title='bbox 1268 652 1341 693; x_wconf 72' lang='lat'>35:</span> <span class='ocrx_word' id='word_1_61' title='bbox 1387 651 1456 692; x_wconf 69' lang='lat' dir='ltr'>‘ut</span> <span class='ocrx_word' id='word_1_62' title='bbox 1498 665 1635 705; x_wconf 84' lang='lat' dir='ltr'>neque</span> 
     </span>
     <span class='ocr_line' id='line_1_9' title="bbox 116 723 1636 785; baseline -0.006 -13"><span class='ocrx_word' id='word_1_63' title='bbox 116 730 310 785; x_wconf 89' lang='lat' dir='ltr'>pluribus</span> <span class='ocrx_word' id='word_1_64' title='bbox 336 729 480 771; x_wconf 88' lang='lat' dir='ltr'>uerbis</span> <span class='ocrx_word' id='word_1_65' title='bbox 509 728 749 783; x_wconf 87' lang='lat' dir='ltr'>oportuisse</span> <span class='ocrx_word' id='word_1_66' title='bbox 776 728 857 769; x_wconf 74' lang='lat' dir='ltr'>clici</span> <span class='ocrx_word' id='word_1_67' title='bbox 881 726 1072 768; x_wconf 71' lang='lat' dir='ltr'>uideatur</span> <span class='ocrx_word' id='word_1_68' title='bbox 1090 738 1225 779; x_wconf 87' lang='lat' dir='ltr'>neque</span> <span class='ocrx_word' id='word_1_69' title='bbox 1246 723 1419 765; x_wconf 87' lang='lat' dir='ltr'>breuius</span> <span class='ocrx_word' id='word_1_70' title='bbox 1444 723 1636 777; x_wconf 88' lang='lat' dir='ltr'>potuisse</span> 
     </span>
     <span class='ocr_line' id='line_1_10' title="bbox 116 793 1637 854; baseline -0.006 -11"><span class='ocrx_word' id='word_1_71' title='bbox 116 801 198 844; x_wconf 72' lang='lat' dir='ltr'>dici</span> <span class='ocrx_word' id='word_1_72' title='bbox 231 799 424 854; x_wconf 68' lang='lat' dir='ltr'>putetur?</span> <span class='ocrx_word' id='word_1_73' title='bbox 486 799 690 854; x_wconf 89' lang='lat' dir='ltr'>Inprimis</span> <span class='ocrx_word' id='word_1_74' title='bbox 743 801 885 840; x_wconf 90' lang='lat' dir='ltr'>autem</span> <span class='ocrx_word' id='word_1_75' title='bbox 934 797 1157 838; x_wconf 87' lang='lat' dir='ltr'>rhetorum</span> <span class='ocrx_word' id='word_1_76' title='bbox 1208 794 1377 836; x_wconf 83' lang='lat' dir='ltr'>scholae</span> <span class='ocrx_word' id='word_1_77' title='bbox 1429 793 1637 835; x_wconf 88' lang='lat' dir='ltr'>eiusmodi</span> 
     </span>
     <span class='ocr_line' id='line_1_11' title="bbox 118 865 1638 926; baseline -0.006 -12"><span class='ocrx_word' id='word_1_78' title='bbox 118 871 475 914; x_wconf 87' lang='lat' dir='ltr'>commendabant</span> <span class='ocrx_word' id='word_1_79' title='bbox 505 871 814 926; x_wconf 85' lang='lat' dir='ltr'>loquacitatem</span> <span class='ocrx_word' id='word_1_80' title='bbox 842 872 883 910; x_wconf 90' lang='lat' dir='ltr'>et</span> <span class='ocrx_word' id='word_1_81' title='bbox 909 868 1140 910; x_wconf 89' lang='lat' dir='ltr'>uerborum</span> <span class='ocrx_word' id='word_1_82' title='bbox 1166 867 1370 908; x_wconf 86' lang='lat' dir='ltr'>tinnitum</span> <span class='ocrx_word' id='word_1_83' title='bbox 1398 868 1439 907; x_wconf 91' lang='lat' dir='ltr'>et</span> <span class='ocrx_word' id='word_1_84' title='bbox 1465 865 1638 906; x_wconf 89' lang='lat' dir='ltr'>inanem</span> 
     </span>
     <span class='ocr_line' id='line_1_12' title="bbox 117 936 1637 998; baseline -0.006 -13"><span class='ocrx_word' id='word_1_85' title='bbox 117 946 160 985; x_wconf 88' lang='lat' dir='ltr'>et</span> <span class='ocrx_word' id='word_1_86' title='bbox 192 944 385 997; x_wconf 89' lang='lat' dir='ltr'>ineptum</span> <span class='ocrx_word' id='word_1_87' title='bbox 411 945 586 998; x_wconf 90' lang='lat' dir='ltr'>propter</span> <span class='ocrx_word' id='word_1_88' title='bbox 612 941 986 985; x_wconf 88' lang='lat' dir='ltr'>continuationum</span> <span class='ocrx_word' id='word_1_89' title='bbox 1013 939 1102 981; x_wconf 90' lang='lat' dir='ltr'>siue</span> <span class='ocrx_word' id='word_1_90' title='bbox 1128 937 1399 993; x_wconf 88' lang='lat' dir='ltr'>periodorum</span> <span class='ocrx_word' id='word_1_91' title='bbox 1427 936 1637 990; x_wconf 87' lang='lat' dir='ltr'>composi-</span> 
     </span>
     <span class='ocr_line' id='line_1_13' title="bbox 117 1007 1639 1070; baseline -0.005 -14"><span class='ocrx_word' id='word_1_92' title='bbox 117 1015 279 1056; x_wconf 87' lang='lat' dir='ltr'>tionem</span> <span class='ocrx_word' id='word_1_93' title='bbox 312 1014 553 1070; x_wconf 83' lang='lat' dir='ltr'>elegantem</span> <span class='ocrx_word' id='word_1_94' title='bbox 581 1018 623 1056; x_wconf 91' lang='lat' dir='ltr'>et</span> <span class='ocrx_word' id='word_1_95' title='bbox 649 1013 915 1064; x_wconf 86' lang='lat' dir='ltr'>concinnam,</span> <span class='ocrx_word' id='word_1_96' title='bbox 947 1012 989 1053; x_wconf 92' lang='lat' dir='ltr'>in</span> <span class='ocrx_word' id='word_1_97' title='bbox 1023 1010 1177 1065; x_wconf 90' lang='lat' dir='ltr'>quibus</span> <span class='ocrx_word' id='word_1_98' title='bbox 1210 1009 1394 1051; x_wconf 79' lang='lat' dir='ltr'>maxime</span> <span class='ocrx_word' id='word_1_99' title='bbox 1428 1007 1639 1049; x_wconf 89' lang='lat' dir='ltr'>membro-</span> 
     </span>
     <span class='ocr_line' id='line_1_14' title="bbox 119 1081 1640 1141; baseline -0.006 -13"><span class='ocrx_word' id='word_1_100' title='bbox 119 1101 212 1128; x_wconf 92' lang='lat' dir='ltr'>rum</span> <span class='ocrx_word' id='word_1_101' title='bbox 256 1087 502 1141; x_wconf 77' lang='grc' dir='ltr'><em>παρίσωσιν</em></span> <span class='ocrx_word' id='word_1_102' title='bbox 546 1087 718 1140; x_wconf 91' lang='lat' dir='ltr'>plenam</span> <span class='ocrx_word' id='word_1_103' title='bbox 764 1089 805 1126; x_wconf 91' lang='lat' dir='ltr'>et</span> <span class='ocrx_word' id='word_1_104' title='bbox 846 1083 1079 1139; x_wconf 88' lang='lat' dir='ltr'>perfectam</span> <span class='ocrx_word' id='word_1_105' title='bbox 1123 1081 1354 1123; x_wconf 86' lang='lat' dir='ltr'>studebant</span> <span class='ocrx_word' id='word_1_106' title='bbox 1397 1081 1640 1134; x_wconf 85' lang='lat' dir='ltr'>impetrare.</span> 
     </span>
     <span class='ocr_line' id='line_1_15' title="bbox 122 1150 1641 1207; baseline -0.006 -7"><span class='ocrx_word' id='word_1_107' title='bbox 122 1156 214 1207; x_wconf 80' lang='lat' dir='ltr'>Qua</span> <span class='ocrx_word' id='word_1_108' title='bbox 252 1158 297 1198; x_wconf 89' lang='lat' dir='ltr'>in</span> <span class='ocrx_word' id='word_1_109' title='bbox 334 1172 379 1199; x_wconf 86' lang='lat' dir='ltr'>re</span> <span class='ocrx_word' id='word_1_110' title='bbox 418 1157 610 1199; x_wconf 86' lang='lat' dir='ltr'>rhetores</span> <span class='ocrx_word' id='word_1_111' title='bbox 649 1156 892 1199; x_wconf 89' lang='lat' dir='ltr'>Demetrius</span> <span class='ocrx_word' id='word_1_112' title='bbox 933 1153 1174 1196; x_wconf 79' lang='lat' dir='ltr'>Alexander</span> <span class='ocrx_word' id='word_1_113' title='bbox 1207 1152 1405 1193; x_wconf 84' lang='lat' dir='ltr'>Tiberius</span> <span class='ocrx_word' id='word_1_114' title='bbox 1437 1150 1641 1193; x_wconf 90' lang='lat' dir='ltr'>Isocratis</span> 
     </span>
     <span class='ocr_line' id='line_1_16' title="bbox 120 1219 1642 1282; baseline -0.006 -11"><span class='ocrx_word' id='word_1_115' title='bbox 120 1229 422 1271; x_wconf 88' lang='lat' dir='ltr'>sententiolam</span> <span class='ocrx_word' id='word_1_116' title='bbox 461 1228 651 1271; x_wconf 90' lang='lat' dir='ltr'>Helenae</span> <span class='ocrx_word' id='word_1_117' title='bbox 686 1230 737 1270; x_wconf 83' lang='lat'>17</span> <span class='ocrx_word' id='word_1_118' title='bbox 772 1228 965 1282; x_wconf 78' lang='lat' dir='ltr'>exemplo</span> <span class='ocrx_word' id='word_1_119' title='bbox 1005 1227 1268 1280; x_wconf 90' lang='lat' dir='ltr'>proponunt:</span> <span class='ocrx_word' id='word_1_120' title='bbox 1313 1228 1393 1265; x_wconf 85' lang='grc' dir='ltr'>τοῦ</span> <span class='ocrx_word' id='word_1_121' title='bbox 1433 1219 1512 1277; x_wconf 74' lang='grc' dir='ltr'>μὲν</span> <span class='ocrx_word' id='word_1_122' title='bbox 1554 1220 1642 1262; x_wconf 81' lang='grc' dir='ltr'><strong><em>ἐπί-</em></strong></span> 
     </span>
     <span class='ocr_line' id='line_1_17' title="bbox 119 1291 1643 1354; baseline -0.007 -11"><span class='ocrx_word' id='word_1_123' title='bbox 119 1315 260 1342; x_wconf 85' lang='grc' dir='ltr'><em>πονον</em></span> <span class='ocrx_word' id='word_1_124' title='bbox 304 1298 375 1342; x_wconf 80' lang='grc' dir='ltr'>καὶ</span> <span class='ocrx_word' id='word_1_125' title='bbox 414 1302 737 1354; x_wconf 77' lang='grc' dir='ltr'><em>φιλοκίνδυνον</em></span> <span class='ocrx_word' id='word_1_126' title='bbox 774 1301 852 1341; x_wconf 85' lang='grc' dir='ltr'>τὸν</span> <span class='ocrx_word' id='word_1_127' title='bbox 890 1300 989 1353; x_wconf 84' lang='grc' dir='ltr'><em>βίον</em></span> <span class='ocrx_word' id='word_1_128' title='bbox 1028 1295 1282 1350; x_wconf 77' lang='grc' dir='ltr'><em>κατέστησε,</em></span> <span class='ocrx_word' id='word_1_129' title='bbox 1328 1301 1402 1348; x_wconf 77' lang='grc' dir='ltr'>τῆς</span> <span class='ocrx_word' id='word_1_130' title='bbox 1441 1291 1487 1335; x_wconf 75' lang='grc' dir='ltr'>δὲ</span> <span class='ocrx_word' id='word_1_131' title='bbox 1525 1294 1643 1346; x_wconf 78' lang='grc' dir='ltr'><em>περί-</em></span> 
     </span>
     <span class='ocr_line' id='line_1_18' title="bbox 121 1364 1643 1426; baseline -0.006 -12"><span class='ocrx_word' id='word_1_132' title='bbox 121 1374 309 1426; x_wconf 77' lang='grc' dir='ltr'><em>βλεπτον</em></span> <span class='ocrx_word' id='word_1_133' title='bbox 341 1370 412 1413; x_wconf 80' lang='grc' dir='ltr'>καὶ</span> <span class='ocrx_word' id='word_1_134' title='bbox 444 1372 741 1426; x_wconf 76' lang='grc' dir='ltr'><em>περιμάχητον</em></span> <span class='ocrx_word' id='word_1_135' title='bbox 772 1371 853 1425; x_wconf 86' lang='grc' dir='ltr'>τὴν</span> <span class='ocrx_word' id='word_1_136' title='bbox 885 1370 1023 1424; x_wconf 83' lang='grc' dir='ltr'><em>φύσιν</em></span> <span class='ocrx_word' id='word_1_137' title='bbox 1050 1368 1253 1422; x_wconf 82' lang='grc' dir='ltr'><em>ἐποίησεν</em></span> <span class='ocrx_word' id='word_1_138' title='bbox 1280 1366 1374 1420; x_wconf 78' lang='lat' dir='ltr'>(RG</span> <span class='ocrx_word' id='word_1_139' title='bbox 1397 1365 1463 1407; x_wconf 88' lang='lat' dir='ltr'>III</span> <span class='ocrx_word' id='word_1_140' title='bbox 1484 1380 1523 1419; x_wconf 89' lang='lat' dir='ltr'>p.</span> <span class='ocrx_word' id='word_1_141' title='bbox 1545 1364 1643 1406; x_wconf 73' lang='lat'><strong>266.</strong></span> 
     </span>
     <span class='ocr_line' id='line_1_19' title="bbox 123 1435 1644 1499; baseline -0.007 -13"><span class='ocrx_word' id='word_1_142' title='bbox 123 1444 190 1486; x_wconf 79' lang='lat'>36.</span> <span class='ocrx_word' id='word_1_143' title='bbox 211 1444 279 1485; x_wconf 80' lang='lat'>40.</span> <span class='ocrx_word' id='word_1_144' title='bbox 303 1444 358 1485; x_wconf 83' lang='lat'>74</span> <span class='ocrx_word' id='word_1_145' title='bbox 373 1442 431 1499; x_wconf 83' lang='lat' dir='ltr'>Sp</span> <span class='ocrx_word' id='word_1_146' title='bbox 470 1443 532 1485; x_wconf 88' lang='lat' dir='ltr'>IX</span> <span class='ocrx_word' id='word_1_147' title='bbox 566 1459 603 1498; x_wconf 92' lang='lat' dir='ltr'>p.</span> <span class='ocrx_word' id='word_1_148' title='bbox 627 1445 681 1485; x_wconf 83' lang='lat'>14</span> <span class='ocrx_word' id='word_1_149' title='bbox 718 1442 826 1485; x_wconf 93' lang='lat' dir='ltr'>VIII</span> <span class='ocrx_word' id='word_1_150' title='bbox 858 1459 898 1497; x_wconf 92' lang='lat' dir='ltr'>p.</span> <span class='ocrx_word' id='word_1_151' title='bbox 924 1441 1023 1483; x_wconf 75' lang='lat'><strong>475.</strong></span> <span class='ocrx_word' id='word_1_152' title='bbox 1048 1440 1146 1482; x_wconf 68' lang='lat'>485.</span> <span class='ocrx_word' id='word_1_153' title='bbox 1170 1437 1352 1494; x_wconf 76' lang='lat' dir='ltr'>562W).</span> <span class='ocrx_word' id='word_1_154' title='bbox 1397 1435 1644 1479; x_wconf 85' lang='lat' dir='ltr'>Cuiusmodi</span> 
     </span>
     <span class='ocr_line' id='line_1_20' title="bbox 124 1507 1644 1570; baseline -0.007 -13"><span class='ocrx_word' id='word_1_155' title='bbox 124 1515 346 1557; x_wconf 88' lang='lat' dir='ltr'>enuntiata</span> <span class='ocrx_word' id='word_1_156' title='bbox 385 1516 547 1570; x_wconf 89' lang='lat' dir='ltr'>passim</span> <span class='ocrx_word' id='word_1_157' title='bbox 585 1515 629 1556; x_wconf 89' lang='lat' dir='ltr'>in</span> <span class='ocrx_word' id='word_1_158' title='bbox 666 1514 790 1556; x_wconf 89' lang='lat' dir='ltr'>libris</span> <span class='ocrx_word' id='word_1_159' title='bbox 828 1514 880 1555; x_wconf 88' lang='lat' dir='ltr'>ad</span> <span class='ocrx_word' id='word_1_160' title='bbox 912 1512 1013 1554; x_wconf 83' lang='lat' dir='ltr'>Her.</span> <span class='ocrx_word' id='word_1_161' title='bbox 1047 1513 1216 1553; x_wconf 76' lang='lat' dir='ltr'>exstant</span> <span class='ocrx_word' id='word_1_162' title='bbox 1254 1509 1388 1551; x_wconf 87' lang='lat' dir='ltr'>ueluti</span> <span class='ocrx_word' id='word_1_163' title='bbox 1426 1508 1469 1549; x_wconf 91' lang='lat' dir='ltr'>in</span> <span class='ocrx_word' id='word_1_164' title='bbox 1501 1507 1644 1548; x_wconf 90' lang='lat' dir='ltr'>uerbis</span> 
     </span>
     <span class='ocr_line' id='line_1_21' title="bbox 123 1580 1646 1640; baseline -0.007 -12"><span class='ocrx_word' id='word_1_165' title='bbox 123 1586 288 1628; x_wconf 91' lang='lat' dir='ltr'>dicendi</span> <span class='ocrx_word' id='word_1_166' title='bbox 320 1586 506 1628; x_wconf 88' lang='lat' dir='ltr'>uariauit</span> <span class='ocrx_word' id='word_1_167' title='bbox 530 1586 574 1627; x_wconf 91' lang='lat' dir='ltr'>II</span> <span class='ocrx_word' id='word_1_168' title='bbox 603 1587 669 1640; x_wconf 77' lang='lat'>28,</span> <span class='ocrx_word' id='word_1_169' title='bbox 689 1586 763 1627; x_wconf 77' lang='lat'>45:</span> <span class='ocrx_word' id='word_1_170' title='bbox 797 1585 931 1627; x_wconf 73' lang='lat' dir='ltr'>euelut</span> <span class='ocrx_word' id='word_1_171' title='bbox 963 1582 1192 1638; x_wconf 81' lang='lat' dir='ltr'>Sulpicius,</span> <span class='ocrx_word' id='word_1_172' title='bbox 1225 1581 1298 1636; x_wconf 91' lang='lat' dir='ltr'>qui</span> <span class='ocrx_word' id='word_1_173' title='bbox 1330 1580 1646 1631; x_wconf 86' lang='lat' dir='ltr'>intercesserat,</span> 
     </span>
     <span class='ocr_line' id='line_1_22' title="bbox 123 1650 1646 1710; baseline -0.007 -10"><span class='ocrx_word' id='word_1_174' title='bbox 123 1672 177 1699; x_wconf 89' lang='lat' dir='ltr'>ne</span> <span class='ocrx_word' id='word_1_175' title='bbox 210 1658 354 1700; x_wconf 79' lang='lat' dir='ltr'>exules</span> <span class='ocrx_word' id='word_1_176' title='bbox 386 1691 425 1700; x_wconf 93' lang='lat'>..</span> <span class='ocrx_word' id='word_1_177' title='bbox 445 1690 455 1700; x_wconf 88' lang='lat'><strong>.</strong></span> <span class='ocrx_word' id='word_1_178' title='bbox 487 1658 811 1708; x_wconf 90' lang='lat' dir='ltr'>reducerentur,</span> <span class='ocrx_word' id='word_1_179' title='bbox 845 1656 958 1698; x_wconf 90' lang='lat' dir='ltr'>idem</span> <span class='ocrx_word' id='word_1_180' title='bbox 991 1654 1204 1710; x_wconf 86' lang='lat' dir='ltr'>posterius</span> <span class='ocrx_word' id='word_1_181' title='bbox 1236 1653 1465 1694; x_wconf 88' lang='lat' dir='ltr'>immutata</span> <span class='ocrx_word' id='word_1_182' title='bbox 1498 1650 1646 1691; x_wconf 94' lang='lat' dir='ltr'>uolun-</span> 
     </span>
     <span class='ocr_line' id='line_1_23' title="bbox 122 1723 1646 1782; baseline -0.006 -12"><span class='ocrx_word' id='word_1_183' title='bbox 122 1731 211 1770; x_wconf 88' lang='lat' dir='ltr'>tate</span> <span class='ocrx_word' id='word_1_184' title='bbox 344 1729 474 1771; x_wconf 89' lang='lat' dir='ltr'>aliam</span> <span class='ocrx_word' id='word_1_185' title='bbox 515 1744 558 1771; x_wconf 95' lang='lat' dir='ltr'>se</span> <span class='ocrx_word' id='word_1_186' title='bbox 596 1729 707 1771; x_wconf 89' lang='lat' dir='ltr'>ferre</span> <span class='ocrx_word' id='word_1_187' title='bbox 745 1728 900 1771; x_wconf 72' lang='lat' dir='ltr'>dicebat</span> <span class='ocrx_word' id='word_1_188' title='bbox 938 1729 1112 1782; x_wconf 87' lang='lat' dir='ltr'>propter</span> <span class='ocrx_word' id='word_1_189' title='bbox 1149 1724 1374 1766; x_wconf 90' lang='lat' dir='ltr'>nominum</span> <span class='ocrx_word' id='word_1_190' title='bbox 1413 1723 1646 1764; x_wconf 87' lang='lat' dir='ltr'>commuta-</span> 
     </span>
     <span class='ocr_line' id='line_1_24' title="bbox 124 1792 1647 1843; baseline -0.007 0"><span class='ocrx_word' id='word_1_191' title='bbox 124 1801 303 1843; x_wconf 85' lang='lat' dir='ltr'>tionem:</span> <span class='ocrx_word' id='word_1_192' title='bbox 340 1816 441 1842; x_wconf 90' lang='lat' dir='ltr'>nam</span> <span class='ocrx_word' id='word_1_193' title='bbox 477 1815 563 1843; x_wconf 92' lang='lat' dir='ltr'>non</span> <span class='ocrx_word' id='word_1_194' title='bbox 603 1801 748 1842; x_wconf 77' lang='lat' dir='ltr'>exules</span> <span class='ocrx_word' id='word_1_195' title='bbox 788 1800 859 1842; x_wconf 93' lang='lat' dir='ltr'>sed</span> <span class='ocrx_word' id='word_1_196' title='bbox 897 1799 941 1841; x_wconf 94' lang='lat' dir='ltr'>ui</span> <span class='ocrx_word' id='word_1_197' title='bbox 980 1799 1136 1840; x_wconf 89' lang='lat' dir='ltr'>eiectos</span> <span class='ocrx_word' id='word_1_198' title='bbox 1176 1810 1220 1837; x_wconf 89' lang='lat' dir='ltr'>se</span> <span class='ocrx_word' id='word_1_199' title='bbox 1257 1795 1454 1837; x_wconf 89' lang='lat' dir='ltr'>reducere</span> <span class='ocrx_word' id='word_1_200' title='bbox 1486 1792 1647 1835; x_wconf 66' lang='lat' dir='ltr'>aiebat.³</span> 
     </span>
     <span class='ocr_line' id='line_1_25' title="bbox 125 1865 1648 1923; baseline -0.007 -8"><span class='ocrx_word' id='word_1_201' title='bbox 125 1871 211 1914; x_wconf 91' lang='lat' dir='ltr'>Ubi</span> <span class='ocrx_word' id='word_1_202' title='bbox 254 1872 389 1914; x_wconf 76' lang='lat' dir='ltr'>aiebat</span> <span class='ocrx_word' id='word_1_203' title='bbox 432 1873 609 1914; x_wconf 88' lang='lat' dir='ltr'>uerbum</span> <span class='ocrx_word' id='word_1_204' title='bbox 657 1872 760 1914; x_wconf 90' lang='lat' dir='ltr'>satis</span> <span class='ocrx_word' id='word_1_205' title='bbox 804 1873 1019 1913; x_wconf 85' lang='lat' dir='ltr'>remotum</span> <span class='ocrx_word' id='word_1_206' title='bbox 1065 1868 1197 1923; x_wconf 82' lang='lat' dir='ltr'>elegit</span> <span class='ocrx_word' id='word_1_207' title='bbox 1241 1865 1465 1908; x_wconf 79' lang='lat' dir='ltr'>uarietatis</span> <span class='ocrx_word' id='word_1_208' title='bbox 1509 1865 1648 1919; x_wconf 82' lang='lat' dir='ltr'>gratia</span> 
     </span>
     <span class='ocr_line' id='line_1_26' title="bbox 127 1938 1650 1995; baseline -0.007 -9"><span class='ocrx_word' id='word_1_209' title='bbox 127 1943 252 1986; x_wconf 88' lang='lat' dir='ltr'>sicuti</span> <span class='ocrx_word' id='word_1_210' title='bbox 283 1944 327 1985; x_wconf 91' lang='lat' dir='ltr'>in</span> <span class='ocrx_word' id='word_1_211' title='bbox 358 1944 502 1986; x_wconf 90' lang='lat' dir='ltr'>uerbis</span> <span class='ocrx_word' id='word_1_212' title='bbox 534 1944 805 1986; x_wconf 88' lang='lat' dir='ltr'>necessitatis</span> <span class='ocrx_word' id='word_1_213' title='bbox 839 1941 903 1984; x_wconf 92' lang='lat' dir='ltr'>III</span> <span class='ocrx_word' id='word_1_214' title='bbox 928 1942 992 1995; x_wconf 79' lang='lat'>14,</span> <span class='ocrx_word' id='word_1_215' title='bbox 1013 1942 1069 1983; x_wconf 78' lang='lat'>25</span> <span class='ocrx_word' id='word_1_216' title='bbox 1096 1943 1196 1995; x_wconf 90' lang='lat' dir='ltr'>post</span> <span class='ocrx_word' id='word_1_217' title='bbox 1223 1938 1482 1992; x_wconf 56' lang='lat' dir='ltr'>oportebit—</span> <span class='ocrx_word' id='word_1_218' title='bbox 1501 1938 1650 1989; x_wconf 64' lang='lat' dir='ltr'>oportet</span> 
     </span>
     <span class='ocr_line' id='line_1_27' title="bbox 126 2007 1648 2070; baseline -0.007 -13"><span class='ocrx_word' id='word_1_219' title='bbox 126 2015 271 2070; x_wconf 91' lang='lat' dir='ltr'>posuit</span> <span class='ocrx_word' id='word_1_220' title='bbox 306 2015 503 2058; x_wconf 77' lang='lat' dir='ltr'>iubemur.</span> <span class='ocrx_word' id='word_1_221' title='bbox 565 2014 679 2056; x_wconf 86' lang='lat' dir='ltr'>Nam</span> <span class='ocrx_word' id='word_1_222' title='bbox 711 2015 756 2056; x_wconf 91' lang='lat' dir='ltr'>in</span> <span class='ocrx_word' id='word_1_223' title='bbox 790 2013 1000 2056; x_wconf 87' lang='lat' dir='ltr'>eiusmodi</span> <span class='ocrx_word' id='word_1_224' title='bbox 1038 2011 1181 2054; x_wconf 88' lang='lat' dir='ltr'>uerbis</span> <span class='ocrx_word' id='word_1_225' title='bbox 1218 2009 1386 2064; x_wconf 89' lang='lat' dir='ltr'>copiam</span> <span class='ocrx_word' id='word_1_226' title='bbox 1418 2007 1648 2050; x_wconf 86' lang='lat' dir='ltr'>uerborum</span> 
     </span>
     <span class='ocr_line' id='line_1_28' title="bbox 128 2079 1649 2141; baseline -0.007 -13"><span class='ocrx_word' id='word_1_227' title='bbox 128 2088 344 2128; x_wconf 89' lang='lat' dir='ltr'>ostentare</span> <span class='ocrx_word' id='word_1_228' title='bbox 370 2087 481 2128; x_wconf 91' lang='lat' dir='ltr'>solet</span> <span class='ocrx_word' id='word_1_229' title='bbox 507 2087 708 2141; x_wconf 86' lang='lat' dir='ltr'>scriptor:</span> <span class='ocrx_word' id='word_1_230' title='bbox 735 2085 845 2128; x_wconf 86' lang='lat' dir='ltr'>conf.</span> <span class='ocrx_word' id='word_1_231' title='bbox 866 2085 931 2126; x_wconf 93' lang='lat' dir='ltr'>III</span> <span class='ocrx_word' id='word_1_232' title='bbox 957 2086 1020 2136; x_wconf 75' lang='lat'>12,</span> <span class='ocrx_word' id='word_1_233' title='bbox 1041 2084 1116 2125; x_wconf 77' lang='lat'>21:</span> <span class='ocrx_word' id='word_1_234' title='bbox 1142 2081 1201 2123; x_wconf 88' lang='lat' dir='ltr'>Et</span> <span class='ocrx_word' id='word_1_235' title='bbox 1220 2079 1462 2122; x_wconf 86' lang='lat' dir='ltr'>interuallis</span> <span class='ocrx_word' id='word_1_236' title='bbox 1488 2079 1649 2133; x_wconf 86' lang='lat' dir='ltr'>longio-</span> 
     </span>
     <span class='ocr_line' id='line_1_29' title="bbox 127 2151 1651 2200; baseline -0.006 -2"><span class='ocrx_word' id='word_1_237' title='bbox 127 2158 246 2199; x_wconf 89' lang='lat' dir='ltr'>ribus</span> <span class='ocrx_word' id='word_1_238' title='bbox 281 2157 345 2198; x_wconf 88' lang='lat' dir='ltr'>uti</span> <span class='ocrx_word' id='word_1_239' title='bbox 383 2158 570 2200; x_wconf 74' lang='lat' dir='ltr'>conuenit</span> <span class='ocrx_word' id='word_1_240' title='bbox 599 2190 608 2199; x_wconf 92' lang='lat'>.</span> <span class='ocrx_word' id='word_1_241' title='bbox 632 2191 669 2199; x_wconf 94' lang='lat'>..</span> <span class='ocrx_word' id='word_1_242' title='bbox 732 2157 791 2199; x_wconf 87' lang='lat' dir='ltr'>Et</span> <span class='ocrx_word' id='word_1_243' title='bbox 822 2157 867 2197; x_wconf 90' lang='lat' dir='ltr'>in</span> <span class='ocrx_word' id='word_1_244' title='bbox 900 2155 1105 2198; x_wconf 90' lang='lat' dir='ltr'>continuo</span> <span class='ocrx_word' id='word_1_245' title='bbox 1140 2154 1323 2195; x_wconf 89' lang='lat' dir='ltr'>clamore</span> <span class='ocrx_word' id='word_1_246' title='bbox 1356 2151 1576 2192; x_wconf 85' lang='lat' dir='ltr'>remittere</span> <span class='ocrx_word' id='word_1_247' title='bbox 1610 2152 1651 2190; x_wconf 89' lang='lat' dir='ltr'>et</span> 
     </span>
     <span class='ocr_line' id='line_1_30' title="bbox 128 2221 1650 2283; baseline -0.007 -12"><span class='ocrx_word' id='word_1_248' title='bbox 128 2229 180 2270; x_wconf 85' lang='lat' dir='ltr'>ad</span> <span class='ocrx_word' id='word_1_249' title='bbox 213 2243 452 2271; x_wconf 88' lang='lat' dir='ltr'>sermonem</span> <span class='ocrx_word' id='word_1_250' title='bbox 484 2229 668 2271; x_wconf 86' lang='lat' dir='ltr'>transire</span> <span class='ocrx_word' id='word_1_251' title='bbox 709 2231 860 2283; x_wconf 69' lang='lat' dir='ltr'>oportet</span> <span class='ocrx_word' id='word_1_252' title='bbox 1020 2225 1080 2268; x_wconf 88' lang='lat' dir='ltr'>Et</span> <span class='ocrx_word' id='word_1_253' title='bbox 1112 2227 1261 2267; x_wconf 88' lang='lat' dir='ltr'>acutas</span> <span class='ocrx_word' id='word_1_254' title='bbox 1294 2222 1410 2265; x_wconf 88' lang='lat' dir='ltr'>uocis</span> <span class='ocrx_word' id='word_1_255' title='bbox 1443 2221 1650 2263; x_wconf 77' lang='lat' dir='ltr'>exclama-</span> 
     </span>
     <span class='ocr_line' id='line_1_31' title="bbox 127 2292 1652 2352; baseline -0.007 -10"><span class='ocrx_word' id='word_1_256' title='bbox 127 2301 265 2342; x_wconf 89' lang='lat' dir='ltr'>tiones</span> <span class='ocrx_word' id='word_1_257' title='bbox 298 2300 435 2343; x_wconf 86' lang='lat' dir='ltr'>uitare</span> <span class='ocrx_word' id='word_1_258' title='bbox 467 2301 650 2343; x_wconf 75' lang='lat' dir='ltr'>debemus</span> <span class='ocrx_word' id='word_1_259' title='bbox 681 2333 691 2342; x_wconf 87' lang='lat'><strong>.</strong></span> <span class='ocrx_word' id='word_1_260' title='bbox 712 2334 720 2342; x_wconf 91' lang='lat'><em>.</em></span> <span class='ocrx_word' id='word_1_261' title='bbox 742 2333 751 2342; x_wconf 91' lang='lat'><strong>.</strong></span> <span class='ocrx_word' id='word_1_262' title='bbox 812 2299 870 2342; x_wconf 90' lang='lat' dir='ltr'>Et</span> <span class='ocrx_word' id='word_1_263' title='bbox 906 2313 990 2341; x_wconf 89' lang='lat' dir='ltr'>uno</span> <span class='ocrx_word' id='word_1_264' title='bbox 1024 2297 1176 2352; x_wconf 82' lang='lat' dir='ltr'>spiritu</span> <span class='ocrx_word' id='word_1_265' title='bbox 1210 2295 1482 2338; x_wconf 87' lang='lat' dir='ltr'>continenter</span> <span class='ocrx_word' id='word_1_266' title='bbox 1514 2292 1652 2333; x_wconf 86' lang='lat' dir='ltr'>multa</span> 
     </span>
     <span class='ocr_line' id='line_1_32' title="bbox 128 2363 1651 2423; baseline -0.007 -10"><span class='ocrx_word' id='word_1_267' title='bbox 128 2371 266 2414; x_wconf 90' lang='lat' dir='ltr'>dicere</span> <span class='ocrx_word' id='word_1_268' title='bbox 298 2372 343 2413; x_wconf 87' lang='lat' dir='ltr'>in</span> <span class='ocrx_word' id='word_1_269' title='bbox 375 2374 564 2413; x_wconf 81' lang='lat' dir='ltr'>extrema</span> <span class='ocrx_word' id='word_1_270' title='bbox 595 2372 783 2414; x_wconf 72' lang='lat' dir='ltr'>conuenit</span> <span class='ocrx_word' id='word_1_271' title='bbox 815 2371 1007 2413; x_wconf 92' lang='lat' dir='ltr'>oratione</span> <span class='ocrx_word' id='word_1_272' title='bbox 1034 2383 1067 2411; x_wconf 92' lang='lat' dir='ltr'>e.</span> <span class='ocrx_word' id='word_1_273' title='bbox 1089 2384 1128 2423; x_wconf 89' lang='lat' dir='ltr'>q.</span> <span class='ocrx_word' id='word_1_274' title='bbox 1150 2383 1180 2409; x_wconf 93' lang='lat' dir='ltr'>s.</span> <span class='ocrx_word' id='word_1_275' title='bbox 1232 2366 1397 2408; x_wconf 89' lang='lat' dir='ltr'>Eodem</span> <span class='ocrx_word' id='word_1_276' title='bbox 1424 2363 1550 2406; x_wconf 89' lang='lat' dir='ltr'>modo</span> <span class='ocrx_word' id='word_1_277' title='bbox 1578 2378 1651 2404; x_wconf 87' lang='lat' dir='ltr'>ua-</span> 
     </span>
     <span class='ocr_line' id='line_1_33' title="bbox 127 2434 1652 2498; baseline -0.007 -13"><span class='ocrx_word' id='word_1_278' title='bbox 127 2443 262 2484; x_wconf 87' lang='lat' dir='ltr'>riatur</span> <span class='ocrx_word' id='word_1_279' title='bbox 292 2443 358 2484; x_wconf 90' lang='lat' dir='ltr'>III</span> <span class='ocrx_word' id='word_1_280' title='bbox 385 2443 487 2495; x_wconf 82' lang='lat'>3‚6:</span> <span class='ocrx_word' id='word_1_281' title='bbox 526 2443 675 2498; x_wconf 68' lang='lat' dir='ltr'>equam</span> <span class='ocrx_word' id='word_1_282' title='bbox 712 2443 749 2484; x_wconf 91' lang='lat' dir='ltr'>is</span> <span class='ocrx_word' id='word_1_283' title='bbox 789 2443 862 2498; x_wconf 90' lang='lat' dir='ltr'>qui</span> <span class='ocrx_word' id='word_1_284' title='bbox 901 2443 1050 2484; x_wconf 83' lang='lat' dir='ltr'>contra</span> <span class='ocrx_word' id='word_1_285' title='bbox 1089 2439 1201 2481; x_wconf 84' lang='lat' dir='ltr'>dicet</span> <span class='ocrx_word' id='word_1_286' title='bbox 1238 2437 1450 2480; x_wconf 87' lang='lat' dir='ltr'>iustitiam</span> <span class='ocrx_word' id='word_1_287' title='bbox 1482 2434 1652 2487; x_wconf 64' lang='lat' dir='ltr'>uocabit,</span> 
     </span>
     <span class='ocr_line' id='line_1_34' title="bbox 129 2509 1651 2569; baseline -0.006 -14"><span class='ocrx_word' id='word_1_288' title='bbox 129 2528 208 2556; x_wconf 93' lang='lat' dir='ltr'>nos</span> <span class='ocrx_word' id='word_1_289' title='bbox 249 2513 638 2556; x_wconf 86' lang='lat' dir='ltr'>demonstrabimus</span> <span class='ocrx_word' id='word_1_290' title='bbox 676 2514 897 2569; x_wconf 89' lang='lat' dir='ltr'>ignauiam</span> <span class='ocrx_word' id='word_1_291' title='bbox 936 2526 1026 2553; x_wconf 88' lang='lat' dir='ltr'>esse</span> <span class='ocrx_word' id='word_1_292' title='bbox 1065 2514 1109 2552; x_wconf 92' lang='lat' dir='ltr'>et</span> <span class='ocrx_word' id='word_1_293' title='bbox 1146 2509 1345 2551; x_wconf 89' lang='lat' dir='ltr'>inertiam</span> <span class='ocrx_word' id='word_1_294' title='bbox 1385 2522 1433 2549; x_wconf 87' lang='lat' dir='ltr'>ac</span> <span class='ocrx_word' id='word_1_295' title='bbox 1474 2521 1651 2562; x_wconf 83' lang='lat' dir='ltr'>prauam</span> 
     </span>
     <span class='ocr_line' id='line_1_35' title="bbox 128 2581 1652 2639; baseline -0.006 -13"><span class='ocrx_word' id='word_1_296' title='bbox 128 2585 450 2627; x_wconf 88' lang='lat' dir='ltr'>liberalitatem:</span> <span class='ocrx_word' id='word_1_297' title='bbox 483 2600 610 2639; x_wconf 90' lang='lat' dir='ltr'>quam</span> <span class='ocrx_word' id='word_1_298' title='bbox 642 2584 915 2639; x_wconf 86' lang='lat' dir='ltr'>prudentiam</span> <span class='ocrx_word' id='word_1_299' title='bbox 947 2582 1177 2636; x_wconf 75' lang='lat' dir='ltr'>appellarit,</span> <span class='ocrx_word' id='word_1_300' title='bbox 1208 2581 1400 2634; x_wconf 87' lang='lat' dir='ltr'>ineptam</span> <span class='ocrx_word' id='word_1_301' title='bbox 1429 2581 1471 2619; x_wconf 91' lang='lat' dir='ltr'>et</span> <span class='ocrx_word' id='word_1_302' title='bbox 1504 2591 1652 2632; x_wconf 85' lang='lat' dir='ltr'>garru-</span> 
     </span>
     <span class='ocr_line' id='line_1_36' title="bbox 131 2648 1651 2706; baseline -0.007 -8"><span class='ocrx_word' id='word_1_303' title='bbox 131 2656 219 2698; x_wconf 84' lang='lat' dir='ltr'>lam</span> <span class='ocrx_word' id='word_1_304' title='bbox 245 2658 288 2698; x_wconf 85' lang='lat' dir='ltr'>et</span> <span class='ocrx_word' id='word_1_305' title='bbox 314 2655 504 2698; x_wconf 89' lang='lat' dir='ltr'>odiosam</span> <span class='ocrx_word' id='word_1_306' title='bbox 532 2656 754 2698; x_wconf 88' lang='lat' dir='ltr'>scientiam</span> <span class='ocrx_word' id='word_1_307' title='bbox 783 2669 874 2697; x_wconf 92' lang='lat' dir='ltr'>esse</span> <span class='ocrx_word' id='word_1_308' title='bbox 901 2654 1107 2695; x_wconf 88' lang='lat' dir='ltr'>dicemus:</span> <span class='ocrx_word' id='word_1_309' title='bbox 1141 2666 1268 2706; x_wconf 90' lang='lat' dir='ltr'>quam</span> <span class='ocrx_word' id='word_1_310' title='bbox 1298 2650 1369 2691; x_wconf 89' lang='lat' dir='ltr'>ille</span> <span class='ocrx_word' id='word_1_311' title='bbox 1396 2648 1651 2691; x_wconf 87' lang='lat' dir='ltr'>modestiam</span> 
     </span>
     <span class='ocr_line' id='line_1_37' title="bbox 131 2720 1652 2779; baseline -0.006 -10"><span class='ocrx_word' id='word_1_312' title='bbox 131 2727 233 2769; x_wconf 72' lang='lat' dir='ltr'>dicet</span> <span class='ocrx_word' id='word_1_313' title='bbox 262 2741 367 2779; x_wconf 86' lang='lat' dir='ltr'>esse,</span> <span class='ocrx_word' id='word_1_314' title='bbox 400 2741 493 2769; x_wconf 88' lang='lat' dir='ltr'>eam</span> <span class='ocrx_word' id='word_1_315' title='bbox 525 2741 603 2768; x_wconf 91' lang='lat' dir='ltr'>nos</span> <span class='ocrx_word' id='word_1_316' title='bbox 635 2726 834 2768; x_wconf 86' lang='lat' dir='ltr'>inertiam</span> <span class='ocrx_word' id='word_1_317' title='bbox 862 2729 904 2767; x_wconf 90' lang='lat' dir='ltr'>et</span> <span class='ocrx_word' id='word_1_318' title='bbox 930 2724 1184 2765; x_wconf 85' lang='lat' dir='ltr'>dissolutam</span> <span class='ocrx_word' id='word_1_319' title='bbox 1210 2720 1525 2776; x_wconf 82' lang='lat' dir='ltr'>neglegentiam</span> <span class='ocrx_word' id='word_1_320' title='bbox 1561 2734 1652 2761; x_wconf 90' lang='lat' dir='ltr'>esse</span> 
     </span>
     <span class='ocr_line' id='line_1_38' title="bbox 133 2790 1653 2853; baseline -0.006 -13"><span class='ocrx_word' id='word_1_321' title='bbox 133 2798 339 2840; x_wconf 86' lang='lat' dir='ltr'>dicemus:</span> <span class='ocrx_word' id='word_1_322' title='bbox 381 2813 508 2853; x_wconf 90' lang='lat' dir='ltr'>quam</span> <span class='ocrx_word' id='word_1_323' title='bbox 540 2797 613 2839; x_wconf 91' lang='lat' dir='ltr'>ille</span> <span class='ocrx_word' id='word_1_324' title='bbox 645 2797 944 2839; x_wconf 84' lang='lat' dir='ltr'>fortitudinem</span> <span class='ocrx_word' id='word_1_325' title='bbox 975 2794 1221 2847; x_wconf 71' lang='lat' dir='ltr'>nominarit,</span> <span class='ocrx_word' id='word_1_326' title='bbox 1255 2807 1348 2834; x_wconf 89' lang='lat' dir='ltr'>eam</span> <span class='ocrx_word' id='word_1_327' title='bbox 1381 2805 1459 2833; x_wconf 91' lang='lat' dir='ltr'>nos</span> <span class='ocrx_word' id='word_1_328' title='bbox 1492 2790 1653 2846; x_wconf 86' lang='lat' dir='ltr'>gladia-</span> 
     </span>
     <span class='ocr_line' id='line_1_39' title="bbox 135 2860 1654 2923; baseline -0.005 -13"><span class='ocrx_word' id='word_1_329' title='bbox 135 2869 290 2911; x_wconf 89' lang='lat' dir='ltr'>toriam</span> <span class='ocrx_word' id='word_1_330' title='bbox 341 2873 384 2911; x_wconf 91' lang='lat' dir='ltr'>et</span> <span class='ocrx_word' id='word_1_331' title='bbox 432 2867 789 2911; x_wconf 88' lang='lat' dir='ltr'>inconsideratam</span> <span class='ocrx_word' id='word_1_332' title='bbox 840 2866 1153 2923; x_wconf 89' lang='lat' dir='ltr'>appellabimus</span> <span class='ocrx_word' id='word_1_333' title='bbox 1205 2860 1525 2906; x_wconf 79' lang='lat' dir='ltr'>temeritatem&#39;</span> <span class='ocrx_word' id='word_1_334' title='bbox 1596 2861 1654 2903; x_wconf 85' lang='lat' dir='ltr'>Et</span> 
     </span>
    </p>
   </div>
  </div>
 </body>
</html>
