2003 3116
695 105 1061 140 PRoLEcoMEN-A.
1585 104 1640 147 99

120 214 350 268 scriptores
388 214 571 256 conlata.
634 214 744 256 Tum
790 230 919 270 quam
963 229 1095 270 praue
1140 217 1183 256 et
1225 229 1426 269 peruerse
1474 216 1639 255 ueteres

118 288 269 339 poetas
307 285 384 327 illo
417 285 588 328 saeculo
620 285 893 341 interpretati
933 287 1037 341 sint,
1075 287 1193 328 nulla
1224 301 1270 328 re
1301 286 1438 341 magis
1470 285 1634 327 intelle-

119 357 239 411 gitur
265 372 392 412 quam
426 356 600 412 egregio
633 357 710 399 illo
742 357 1109 412 interpretationis
1136 357 1363 399 Plautinae
1395 356 1640 412 specimine,

120 428 232 483 quod
271 431 489 470 seruatum
521 430 588 469 est
617 427 660 469 II
693 429 760 483 23,
781 428 837 470 35
870 429 937 470 his
975 429 1137 470 uerbis:
1178 428 1375 470 ‘Infirma
1412 427 1523 469 ratio
1563 429 1641 481 est,

120 514 227 555 quae
258 514 345 542 non
374 500 613 541 necessario
644 499 833 541 ostendit
857 500 919 541 ita
945 515 1049 555 esse,
1081 499 1440 554 quemadmodum
1473 499 1639 553 exposi-

118 574 210 612 tum
242 574 320 627 est,
351 571 473 613 uelut
504 571 616 626 apud
647 570 871 612 Plautum:

295 659 493 701 Amicum
527 660 736 715 castigare
770 661 823 701 ob
857 660 1055 701 meritam
1085 660 1259 702 noxiam

289 731 477 773 Inmune
511 733 577 772 est
608 730 787 786 facinus,
820 745 968 772 uerum
1003 731 1047 772 in
1080 733 1221 773 aetate
1254 730 1358 772 utile

294 802 353 844 Et
384 801 663 844 conducibile.

118 891 236 934 Haec
268 891 478 946 expositio
513 894 588 933 est.
638 890 884 943 Videamus,
917 906 1025 946 quae
1059 892 1170 933 ratio
1204 891 1438 933 adferatur:

682 995 784 1022 nam
816 995 895 1037 ego
929 981 1113 1022 amicum
1145 980 1272 1022 hodie
1304 994 1447 1021 meum

292 1051 612 1106 Concastigabo
645 1065 721 1106 pro
755 1051 1007 1093 commerita
1037 1051 1178 1094 noxia.

114 1140 182 1182 Ex
220 1155 288 1195 eo,
326 1140 438 1195 quod
475 1141 567 1196 ipse
605 1141 796 1182 facturus
837 1143 918 1195 est7
955 1155 1040 1183 non
1074 1154 1123 1181 ex
1156 1154 1223 1194 eo,
1265 1140 1377 1194 quod
1416 1140 1508 1182 fieri
1541 1155 1639 1182 con-

118 1213 250 1267 uenit,
288 1211 394 1253 utile
427 1211 526 1266 quid
561 1211 634 1266 sit,
672 1211 981 1253 ratiocinatur.'
1033 1210 1114 1260 Qui
1157 1212 1275 1252 locus
1309 1214 1351 1252 et
1383 1212 1427 1252 in
1458 1211 1640 1254 historia

116 1282 357 1325 studiorum
377 1281 677 1325 Plautinorum
705 1285 746 1324 et
772 1282 815 1324 in
843 1283 1152 1337 particularum
1174 1281 1424 1323 Latinarum
1446 1282 1642 1324 doctrina

116 1355 316 1410 inprimis
350 1354 431 1395 erit
463 1353 806 1396 considerandus.

234 1425 274 1466 A
306 1426 590 1481 grammatica
621 1428 794 1467 transeo
828 1426 880 1467 ad
910 1425 1144 1467 metricam.
1197 1426 1337 1480 Atque
1363 1440 1640 1467 numerorum

116 1496 285 1552 quidem
317 1497 523 1539 rationem
559 1496 795 1539 rhetoricae
829 1497 1032 1539 studiosis
1066 1497 1335 1538 ediscendam
1367 1496 1496 1538 fuisse
1531 1497 1636 1538 mul-

115 1568 172 1610 tis
210 1570 380 1610 constat
416 1568 675 1610 testimoniis
714 1583 852 1623 neque
890 1569 1002 1610 inter
1034 1583 1078 1610 se
1110 1568 1172 1609 ita
1204 1568 1517 1610 dissentiebant
1547 1568 1641 1610 rhe-

116 1641 234 1681 tores
261 1641 308 1680 ut
341 1641 549 1693 negarent
581 1639 753 1681 omnino
786 1640 976 1681 numeris
1010 1654 1102 1681 6336
1134 1639 1351 1694 utendum,
1385 1639 1457 1681 sed
1490 1641 1538 1680 ut
1567 1638 1641 1680 alii

117 1710 196 1752 hos
230 1710 303 1752 alii
334 1710 432 1752 illos
465 1710 608 1764 potius
641 1713 864 1752 censerent
890 1726 981 1753 esse
1009 1710 1260 1766 sequendos.
1305 1709 1641 1753 Celeberrimum

118 1782 308 1823 omnium
347 1781 393 1823 in
431 1796 705 1824 numerorum
749 1782 942 1825 doctrina
989 1785 1081 1824 erat
1119 1782 1425 1824 Demosthenis
1470 1782 1519 1823 de
1558 1797 1642 1824 cor.

118 1853 324 1895 orationis
368 1853 635 1906 prooemium
680 1855 856 1908 propter
898 1856 985 1894 tres
1030 1852 1210 1895 creticos
1252 1853 1349 1895 illos
1388 1860 1480 1903 τοῖς
1519 1858 1643 1902 θεοῖς

116 1924 440 1979 εὔχομαιπᾶσι
478 1922 549 1965 καὶ
586 1925 744 1974 πάσαις
789 1922 987 1981 (Dionys.
1024 1923 1162 1966 Halic.
1204 1924 1253 1965 de
1292 1939 1478 1978 compos.
1522 1924 1639 1965 uerb.

117 2010 207 2050 cap.
241 1994 314 2051 25)
354 1995 467 2050 quod
514 1996 753 2037 aemulatus
794 1999 859 2037 est
898 2010 965 2037 me
1003 1995 1141 2037 iudice
1181 1994 1225 2037 C.
1247 1995 1435 2036 Fannius
1480 1995 1524 2035 in
1568 1995 1642 2035 illo

118 2066 291 2109 exordio
337 2066 448 2120 apud
487 2066 572 2108 Cic.
611 2066 660 2107 de
700 2082 759 2108 or.
797 2065 962 2121 11147,
991 2067 1073 2108 183
1114 2068 1305 2107 seruato:
1350 2064 1416 2106 ‘Si
1455 2065 1642 2114 Quirites

117 2137 256 2179 minas
294 2136 438 2178 illius?
489 2136 879 2179 Numerosissimae
912 2137 1062 2178 deinde
1097 2139 1220 2178 erant
1251 2136 1296 2178 L.
1313 2137 1455 2178 Crassi
1487 2136 1642 2178 oratio-

117 2223 210 2263 nes,
249 2208 321 2263 qui
354 2207 586 2262 discipulus
621 2208 751 2250 fuerit
782 2207 828 2249 L.
844 2207 981 2250 Caelii
1014 2207 1233 2262 Antipatri
1271 2207 1457 2249 rhetoris
1490 2207 1642 2248 Asiani

117 2283 161 2321 et
203 2279 247 2320 in
293 2279 495 2321 clausulis
534 2279 808 2334 periodorum
840 2280 938 2320 illae
979 2279 1396 2331 maxime-omnium
1439 2278 1643 2320 exhibent

118 2350 413 2393 ditrochaeum
445 2350 580 2392 ueluti
614 2351 726 2405 apud
754 2349 839 2393 Cic.
867 2351 917 2391 de
944 2365 1002 2392 or.
1029 2349 1072 2391 II
1098 2350 1167 2405 55,
1188 2350 1292 2391 5225:
1325 2349 1442 2405 ‘quid
1472 2350 1642 2391 maiori-

116 2422 196 2463 bus
227 2422 345 2463 tuis‘?
391 2421 500 2471 Quid
531 2421 577 2462 L.
593 2421 742 2476 Bruto,
775 2422 847 2476 qui
879 2422 992 2463 hunc
1024 2421 1233 2476 populum
1267 2421 1489 2462 dominatu
1521 2420 1641 2475 regio

114 2493 336 2535 liberauit?
388 2492 498 2541 Quid
540 2495 582 2533 te
622 2493 780 2548 agere?
825 2492 893 2534 6111
930 2493 991 2533 rei
1002 2526 1013 2547 ,
1050 2493 1118 2534 cui
1159 2492 1340 2547 gloriae,
1385 2492 1451 2533 cui
1488 2492 1643 2533 uirtuti

114 2562 321 2606 studere?
359 2564 434 2605 ubi
473 2564 518 2605 in
559 2564 618 2605 eis
657 2578 764 2618 quae
803 2566 1005 2605 secuntur
1042 2566 1146 2604 nota
1178 2563 1391 2605 clausulas
1423 2563 1642 2616 contulisti,

116 2635 308 2677 contueri.
356 2634 408 2675 In
446 2634 656 2676 eiusmodi
694 2634 800 2676 locis
841 2649 947 2688 quas
984 2634 1230 2688 tragoedias
1271 2634 1460 2688 appellat
1493 2633 1641 2676 Cicero

117 2707 143 2747 1.
176 2721 209 2748 3.
239 2706 377 2748 iustos
410 2706 496 2747 fere
530 2705 721 2747 senarios
753 2705 924 2746 fuderat
957 2703 1159 2746 Crassus:
1192 2703 1299 2746 conf.
1332 2705 1359 2744 1.
1391 2719 1440 2745 3.;
1476 2703 1642 2758 ²Brute,

119 2776 219 2832 quid
252 2777 401 2818 sedes?
447 2776 557 2826 Quid
590 2776 712 2817 illam
745 2790 873 2818 anum
906 2776 1019 2830 patri
1052 2775 1251 2817 nuntiare
1285 2774 1349 2816 uis
1381 2775 1487 2816 tuo?
1533 2774 1642 2824 Quid

119 2848 205 2889 illis
253 2849 487 2900 [omnibus]
536 2863 715 2902 quorum
759 2847 973 2903 imagines
1024 2846 1120 2888 duci
1170 2845 1335 2888 uides?
1392 2846 1437 2887 in
1488 2845 1640 2900 quibus

1311 2916 1357 2951 7*

1678 1425 1722 1450 De
1753 1424 1889 1450 metricis

1678 1462 1743 1486 eins
1771 1462 1890 1486 studiis.
