2003 3116
675 113 1044 148 PROLEGOMENA.
1558 111 1612 152 79

96 221 233 262 dicam
266 220 521 276 discipulum
554 219 808 263 Africanum
840 235 977 275 neque
1011 218 1227 261 Gracchos
1260 219 1452 260 Africani
1483 234 1613 273 nepo-

95 295 179 333 tes:
218 292 372 347 quibus
405 293 449 334 in
486 291 732 334 hominibus
765 295 856 333 erat
888 306 1056 334 summa
1085 291 1224 333 uirtus
1256 293 1299 333 et
1331 306 1499 333 summa
1529 291 1614 332 uir—

95 365 188 404 tute
228 363 492 418 amplificata
531 362 766 404 auctoritas
804 365 847 404 et
878 377 985 417 quae
1023 364 1066 404 et
1103 362 1170 404 his
1202 362 1329 404 rebus
1362 365 1614 404 ornamento

96 436 139 475 et
180 434 440 489 reipublicae
484 433 698 488 praesidio
750 437 863 475 esset
907 432 1183 488 eloquentia.⁹
1252 433 1344 483 Quo
1388 434 1482 476 loco
1527 434 1614 475 iam

97 504 272 547 Grillius
304 505 350 546 in
375 505 538 546 Halmii
562 503 684 545 RLM
713 519 754 558 p.
774 505 858 546 598
893 504 1134 546 adnotauit:
1167 503 1254 545 ‘sed
1289 505 1509 559 quaeritur
1541 520 1615 547 cur

95 576 164 618 hie
209 576 397 631 optimos
441 575 633 616 rhetores
672 574 886 617 Gracchos
931 578 1151 617 enumeret
1194 590 1289 617 cum
1335 590 1407 617 eos
1449 579 1616 618 constet

95 647 372 689 conturbasse
413 645 561 701 remp?
625 645 790 701 Quippe
842 646 988 689 eodem
1038 646 1165 687 modo
1212 661 1295 701 quo
1341 646 1519 690 Grillius
1565 648 1615 689 de

99 717 301 759 Gracchis
327 717 489 759 iudicat
515 715 662 759 Cicero
693 717 736 758 in
769 718 940 772 scriptis
972 717 1282 772 philosophicis
1316 721 1358 759 et
1389 718 1614 760 rhetoricis

96 789 347 843 posterioris
381 789 535 831 aetatis
566 788 616 829 de
649 803 709 830 or.
734 787 755 829 I
782 789 820 843 9,
840 789 895 830 38
929 789 978 830 de
1011 788 1123 844 legg.
1150 788 1214 830 III
1240 789 1279 843 9,
1299 790 1355 830 20
1383 789 1433 831 de
1459 791 1527 832 fin.
1553 789 1615 831 IV

95 860 164 914 24,
185 861 253 915 65,
288 861 434 902 eodem
462 860 589 902 modo
616 874 712 902 cum
746 860 858 915 apud
890 863 1036 915 patres
1063 860 1328 915 conscriptos
1356 861 1547 916 loquitur
1573 862 1615 902 in

97 929 223 973 Catil.
248 931 270 972 I
300 933 364 986 12,
384 932 440 973 29
475 931 524 973 de
557 931 728 986 harusp.
761 946 870 986 resp.
900 931 967 987 19,
992 933 1066 986 41,
1106 932 1188 973 alio
1216 932 1343 973 modo
1374 947 1470 974 cum
1504 934 1615 986 apud

96 1001 285 1051 Quirites
313 1003 585 1044 contionatur
610 1018 688 1057 pro
714 1002 862 1044 Rabir.
887 1003 1003 1057 perd.
1027 1004 1066 1057 4,
1092 1004 1156 1045 12.
1188 1004 1226 1056 ἵ),
1252 1004 1303 1044 14
1331 1003 1381 1044 de
1408 1004 1501 1059 lege
1529 1018 1616 1059 agr.

94 1073 136 1114 ΙΙ
157 1074 195 1128 5,
218 1075 284 1116 10.
329 1074 492 1123 Quibus
513 1075 615 1116 locis
637 1075 898 1129 comparatis
919 1074 1023 1116 nihil
1048 1076 1193 1130 colligi
1213 1078 1359 1130 potest
1379 1075 1460 1117 nisi
1482 1075 1616 1116 libros

96 1145 146 1186 de
173 1146 257 1187 inu.
279 1160 327 1187 eo
354 1148 548 1200 tempore
575 1146 711 1187 editos
734 1161 826 1187 esse
853 1161 935 1201 quo
956 1146 1239 1201 popularibus
1262 1149 1411 1189 auctor
1431 1146 1613 1188 faueret:

97 1217 209 1270 quod
247 1218 416 1272 tempus
457 1218 694 1259 accuratius
733 1232 812 1259 nos
847 1217 1017 1272 quidem
1052 1217 1225 1259 definire
1259 1233 1343 1259 non
1377 1233 1616 1272 possumus.

212 1288 276 1330 De
308 1288 385 1330 illo
412 1292 690 1344 praeceptore
718 1287 937 1330 Ciceronis
970 1290 1087 1331 cuius
1116 1288 1384 1344 disciplinam
1418 1289 1459 1329 in
1494 1289 1616 1330 libris

96 1359 145 1400 de
195 1360 280 1401 inu.
324 1360 480 1402 litteris
530 1360 707 1401 tradidit
755 1360 864 1401 nihil
915 1363 981 1402 est
1027 1361 1139 1415 quod
1185 1362 1274 1402 erui
1317 1361 1456 1415 possit
1499 1362 1616 1402 certa

95 1432 479 1486 argumentatione.
541 1431 655 1473 Nam
700 1432 789 1486 ipse
835 1431 1063 1474 admodum
1103 1447 1239 1487 pauca
1281 1432 1330 1473 de
1370 1432 1616 1474 doctoribus

95 1502 248 1557 quibus
293 1517 394 1544 usus
439 1507 504 1545 est
549 1503 891 1545 adulescentulus
936 1503 1114 1545 tradidit
1158 1505 1202 1545 in
1243 1503 1377 1544 Bruto
1423 1504 1497 1558 90,
1531 1504 1617 1545 310

95 1573 214 1628 alibi,
262 1574 369 1615 nihil
408 1574 457 1616 de
496 1574 552 1615 M.
574 1575 764 1616 Antonio
804 1574 1029 1630 Gniphone
1069 1590 1194 1630 quem
1239 1578 1413 1630 praetor
1452 1575 1618 1616 audiuit

94 1645 322 1687 secundum
357 1644 471 1688 Suet.
505 1646 554 1688 de
594 1660 772 1701 gramm.
808 1647 844 1689 7.
900 1645 991 1689 Nos
1034 1647 1116 1688 duo
1159 1646 1457 1688 tantummodo
1497 1646 1616 1687 noui-

93 1731 186 1758 mus
224 1732 405 1772 quorum
444 1718 786 1760 adulescentulus
820 1718 1095 1760 institutione
1133 1733 1235 1760 usus
1263 1721 1342 1760 est:
1385 1718 1429 1759 L.
1445 1717 1616 1759 Aelium

93 1787 302 1830 Stilonem
335 1791 378 1830 et
407 1788 657 1845 M.Pupium
689 1789 890 1832 Pisonem
929 1805 1014 1833 cos.
1054 1791 1153 1832 anni
1193 1790 1363 1845 693s61.
1427 1789 1490 1830 De
1532 1803 1614 1843 quo

93 1859 304 1902 Asconius
336 1876 376 1915 p.
400 1861 454 1902 14
480 1861 576 1903 edit.
603 1861 654 1902 Κ.
679 1860 725 1903 S:
758 1860 904 1916 ‘Fuit',
931 1862 1084 1917 inquit,
1116 1862 1140 1903 ς.
1161 1895 1169 1903 .
1192 1895 1200 1903 .
1228 1862 1389 1903 eisdem
1416 1860 1617 1914 tempori·

92 1932 173 1973 bus
200 1932 353 1987 quibus
381 1931 530 1975 Cicero
558 1932 629 1974 sed
662 1936 784 1975 tanto
819 1936 959 1975 aetate
992 1933 1141 1988 maior,
1174 1936 1222 1975 ut
1248 1933 1616 1975 adulescentulum

93 2001 343 2045 Ciceronem
379 2007 502 2059 pater
534 2005 586 2046 ad
626 2019 722 2046 eum
761 2005 986 2047 deduceret
1019 2005 1133 2059 quod
1171 2005 1216 2046 in
1255 2020 1304 2046 eo
1339 2007 1381 2046 et
1413 2004 1617 2059 antiquae

92 2074 209 2116 uitae
243 2075 479 2117 similitudo
514 2079 556 2118 et
588 2076 747 2118 multae
780 2079 902 2118 erant
933 2077 1121 2118 litterae:
1155 2079 1301 2118 orator
1334 2090 1501 2131 quoque
1534 2089 1617 2115 me—

94 2145 177 2187 lior
202 2161 330 2201 quam
357 2146 622 2201 frequentior
647 2148 822 2190 habitus
849 2148 941 2189 est.9
992 2146 1074 2189 Sed
1095 2146 1244 2190 Cicero
1270 2147 1362 2202 ipse
1390 2147 1440 2188 de
1462 2146 1617 2188 Pisone

93 2217 284 2271 loquitur
316 2217 360 2259 in
391 2217 525 2260 Bruto
560 2219 627 2270 67,
649 2220 747 2261 236.
780 2220 848 2271 68,
869 2220 966 2261 240.
1000 2220 1069 2270 90,
1090 2219 1176 2260 310
1216 2233 1302 2260 non
1333 2221 1382 2260 ut
1415 2218 1465 2259 de
1498 2232 1615 2272 prae-

94 2290 265 2342 ceptore
304 2289 377 2330 sed
416 2292 464 2331 ut
501 2290 551 2331 de
591 2291 730 2332 sodali
769 2306 864 2333 suo:
910 2290 1022 2345 apud
1064 2294 1229 2333 ueteres
1268 2290 1428 2331 samam
1471 2292 1616 2331 tamen

94 2359 225 2401 fuisse
277 2358 527 2403 Ciceronem
577 2377 756 2418 puerum
805 2365 1085 2417 praeceptore
1135 2377 1260 2404 usum
1318 2376 1410 2403 esse
1460 2361 1616 2403 Pisone

93 2430 358 2487 intellegitur
397 2447 447 2474 ex
484 2433 700 2476 inuectiua
732 2434 810 2475 illa
842 2432 1037 2475 Sallustii
1068 2433 1241 2476 nomine
1273 2433 1483 2487 inscripta
1518 2434 1554 2486 1,
1579 2434 1615 2474 2.

93 2501 251 2544 Maluit
285 2518 386 2545 uero
421 2503 569 2547 Cicero
603 2520 698 2547 cum
730 2505 914 2547 Brutum
953 2508 1231 2560 componeret
1270 2519 1360 2546 sese
1400 2504 1616 2560 appellare

94 2574 205 2615 Aelii
239 2572 416 2616 Stilonis
450 2576 706 2632 discipulum
737 2577 764 2618 l.
793 2591 824 2618 s.
851 2576 920 2632 56,
940 2578 1024 2618 207
1061 2577 1132 2632 qui
1166 2576 1441 2631 optimatium
1474 2574 1618 2616 fautor

92 2644 221 2686 fuerit
247 2646 479 2688 acerrimus
507 2663 635 2702 quam
661 2647 831 2689 Pisonis
860 2648 932 2703 qui
959 2648 1198 2690 nobilitatis
1230 2647 1424 2702 partibus
1453 2646 1615 2687 alienus

93 2718 185 2758 erat
219 2717 344 2759 sicuti
372 2718 439 2772 89,
461 2719 545 2760 306
572 2717 618 2768 Q.
639 2718 829 2760 Mucium
849 2719 895 2761 P.
920 2718 948 2760 f.
970 2719 1220 2760 Pontificem
1249 2718 1464 2760 doctorem
1493 2732 1617 2759 suum

91 2787 222 2830 fuisse
261 2789 395 2831 tradit
434 2804 459 2831 a
491 2789 758 2846 Damasippo
793 2790 999 2844 occisum,
1035 2793 1150 2832 tacet
1182 2790 1232 2831 de
1265 2789 1312 2838 Q.
1332 2789 1473 2831 Mucio
1508 2788 1556 2838 Q.
1589 2788 1616 2831 f.

96 2860 271 2915 Augure
303 2859 429 2903 Marii
467 2864 651 2916 patrono
692 2864 734 2903 et
772 2861 938 2904 fautore
973 2862 1090 2904 cuius
1129 2876 1284 2903 nomen
1317 2861 1498 2902 editores
1531 2874 1616 2901 non
