2003 3116
663 180 1033 215 PROLEGOMENA.
1553 179 1573 219 1
1583 179 1603 218 1

85 290 199 331 stola
231 289 529 345 cognoscimus
562 288 806 331 etiamnunc
839 290 1010 330 exstant
1035 290 1239 343 quattuor
1265 288 1422 330 saeculi
1448 286 1508 328 IX
1540 289 1608 329 uel

82 360 122 402 X
162 375 309 403 onmes
355 361 509 416 quibus
554 360 716 402 accedit
760 359 932 415 quintus
976 359 1085 401 liber
1129 359 1288 401 saeculi
1338 358 1379 401 X
1422 359 1491 400 uel
1529 358 1607 400 XI:

84 432 158 486 qui
200 446 347 473 omnes
388 434 477 474 tam
520 431 663 473 mutili
705 433 748 473 et
788 430 984 473 mendosi
1022 433 1141 486 sunt,
1178 445 1306 486 quam
1337 430 1402 471 illi
1436 429 1609 472 fuerunt

84 517 190 557 quos
235 501 382 558 Lupus
427 504 734 544 commemorat
777 502 823 543 in
866 502 1048 556 epistola
1086 517 1117 544 s.
1154 516 1185 543 s.
1250 501 1412 550 Quibus
1457 500 1608 543 codici-

84 573 163 614 bus
200 587 354 614 nomen
393 573 474 614 erit
511 572 693 627 mutilis,
733 572 904 626 signum
935 579 998 614 M:
1037 573 1080 613 in
1118 572 1304 627 Kayseri
1343 572 1440 614 edit.
1481 572 1607 614 classi

84 644 104 685 I
143 646 187 685 et
221 643 265 685 II
306 644 574 696 tribuuntur,
618 657 696 684 nos
742 643 924 684 classem
964 642 1006 683 ΙΙ
1045 658 1153 697 quae
1197 646 1368 685 constat
1407 658 1458 685 ex
1489 643 1608 685 codd.

84 713 274 756 eiusdem
311 715 481 768 generis
519 713 683 755 mutilis
723 713 795 755 sed
834 713 1107 768 interpolatis
1141 717 1183 756 et
1216 729 1239 755 a
1273 714 1410 756 doctis
1449 715 1607 756 saeculi

82 784 144 827 IX
170 786 213 826 et
237 783 278 826 X
310 785 490 839 expletis
517 787 565 826 ut
595 784 724 838 plane
751 785 949 826 inutilem
982 784 1227 826 abiecimus.
1279 784 1488 826 Omnibus
1521 785 1609 826 illis

87 855 207 899 codd.
226 862 273 899 M
292 856 374 898 hoc
393 856 614 911 proprium
635 858 700 896 est
721 855 833 911 quod
855 856 1000 896 carent
1019 854 1242 909 principio,
1263 854 1474 909 incipiunt
1492 854 1513 895 I
1535 856 1571 907 6,
1585 856 1610 896 9

85 927 227 969 uerbis
255 927 357 969 Tria
387 930 485 969 sum*
515 930 706 980 tempora,
739 925 852 981 quod
885 925 1032 967 multis
1064 925 1168 967 locis
1198 925 1374 967 lacunas
1400 925 1608 979 praebent

84 1013 135 1040 ex
160 997 517 1040 liomoeoteleutis
545 998 795 1052 plerumque
823 999 959 1050 natas,
980 996 1160 1051 denique
1183 997 1295 1051 quod
1322 996 1469 1038 multis
1498 1011 1610 1038 men-

82 1069 148 1110 dis
169 1068 450 1111 multifariam
472 1072 572 1110 sunt
598 1068 833 1123 deprauati,
860 1082 967 1122 quae
987 1067 1141 1109 menda
1162 1083 1211 1109 ex
1233 1067 1443 1122 scriptura
1464 1067 1609 1109 arche-

84 1140 177 1195 typi
202 1140 318 1182 illius
345 1140 456 1182 unde
483 1139 741 1195 archetypus
768 1139 1037 1181 librorumM
1058 1138 1263 1181 deductus
1287 1139 1344 1181 sit
1369 1138 1609 1194 perdifficili

83 1211 133 1252 ad
167 1211 396 1267 legendum
426 1214 531 1253 nata
563 1225 654 1252 esse
686 1213 838 1265 postea
872 1210 1131 1252 docebimus.
1180 1208 1287 1251 Sunt
1317 1224 1418 1252 uero
1451 1210 1514 1252 hi:

204 1284 240 1324 1.
279 1281 422 1325 Codex
454 1281 806 1337 Herbipolitanus
838 1281 920 1324 hoc
960 1284 1025 1323 est
1058 1281 1430 1337 Wirceburgensis
1469 1280 1608 1324 forma

84 1352 172 1394 fere
211 1353 462 1408 quadratus,
505 1354 701 1409 signatus
734 1352 859 1395 Univ.
892 1351 1003 1394 Bibl.
1037 1352 1110 1406 ΜΡ
1144 1353 1259 1394 misc.
1293 1354 1318 1394 f.
1345 1353 1390 1407 2,
1428 1353 1610 1407 scriptus

87 1424 257 1466 saeculo
297 1423 360 1466 IX
391 1425 460 1466 uel
493 1424 532 1466 X
571 1425 729 1466 litteris
767 1423 1104 1479 Langobardicis
1145 1424 1298 1478 quibus
1337 1424 1496 1478 passim
1536 1439 1609 1465 un-

83 1495 212 1538 ciales
247 1495 382 1537 ueluti
408 1494 622 1539 SGDRPN
650 1495 862 1537 admixtae
890 1498 991 1536 sunt
1017 1495 1071 1536 ab
1099 1495 1271 1538 homine
1299 1495 1403 1538 satis
1438 1495 1609 1550 stupido

84 1569 126 1608 et
157 1567 348 1609 indocto:
388 1565 461 1608 fol.
488 1566 598 1607 2111.
638 1566 915 1607 simulacrum
956 1565 1089 1607 edidit
1127 1566 1339 1608 Aemilius
1380 1565 1608 1608 Chatelain

83 1637 395 1692 Paleographie
429 1637 502 1678 des
541 1637 774 1692 classiques
808 1636 954 1678 Latins
987 1636 1090 1679 fasc.
1111 1636 1196 1679 VII
1227 1636 1348 1679 Paris
1380 1637 1491 1679 1892
1525 1638 1610 1680 tab.

82 1707 250 1751 XVHa
276 1708 533 1750 continentis
560 1707 603 1748 ΙΙ
627 1708 693 1763 19,
708 1708 978 1763 29-20,31.
1031 1707 1270 1751 Constabat
1302 1708 1517 1763 quondam
1551 1708 1610 1750 fo—

81 1779 149 1821 liis
173 1780 240 1834 78,
269 1779 621 1834 quaternionibus
645 1779 670 1821 9
693 1780 848 1834 quibus
875 1782 974 1834 post
1002 1782 1208 1834 quattuor
1235 1780 1397 1835 primos
1423 1780 1610 1821 insertus

81 1852 148 1892 est
173 1851 306 1893 trinio
333 1865 460 1892 unus:
492 1850 709 1892 fasciculis
736 1850 756 1891 Ι
781 1850 823 1892 Π
849 1849 912 1892 IV
938 1850 977 1893 V
1006 1850 1067 1893 VI
1094 1850 1176 1893 VIl
1203 1866 1406 1893 numerus
1432 1851 1476 1892 in
1501 1866 1607 1893 mar-

81 1921 178 1977 gine
210 1922 395 1977 paginae
428 1922 604 1963 ultimae
632 1921 830 1964 inferiore
859 1922 1029 1964 additus
1058 1926 1134 1964 est.
1183 1922 1271 1965 Fol.
1295 1923 1348 1964 78
1377 1938 1401 1964 a
1428 1922 1611 1977 glutina-

79 1995 173 2034 tore
202 1992 274 2048 qui
306 1992 445 2035 cultro
478 1993 577 2035 libri
603 1993 789 2035 frontem
815 1994 1082 2036 circumcidit
1114 1997 1364 2049 tegumento
1393 1994 1607 2049 quondam

81 2064 163 2106 fuit
184 2064 515 2120 adglutinatam,
529 2063 667 2106 fol.77
685 2067 901 2106 exsectum
923 2067 1003 2106 est:
1024 2065 1162 2107 f01.75
1177 2066 1338 2121 pagina
1358 2066 1524 2120 postica
1543 2080 1608 2107 ex-

82 2135 204 2190 plicit
228 2136 338 2177 liber
364 2134 416 2176 ad
437 2133 537 2176 Her.
550 2133 626 2189 VI,
653 2134 822 2176 additae
845 2138 945 2176 sunt
967 2136 1019 2177 ab
1041 2136 1214 2177 homine
1241 2136 1428 2177 eiusdem
1451 2137 1609 2178 saeculi

82 2206 381 2261 inscriptiones
398 2205 601 2246 metricae
617 2219 665 2246 ex
680 2206 869 2247 ecclesiis
891 2206 1010 2248 urbis
1026 2206 1187 2248 Romae
1209 2209 1405 2261 sumptae
1426 2207 1609 2261 scriptae

80 2276 238 2318 litteris
259 2276 524 2332 Karolingiis
545 2276 751 2331 paruulis,
772 2291 879 2331 quae
901 2278 1119 2333 complent
1140 2278 1211 2320 fol.
1228 2278 1282 2320 75
1297 2293 1335 2319 u.
1356 2281 1398 2320 et
1424 2278 1495 2320 fol.
1509 2279 1563 2320 76
1578 2293 1609 2319 r.

84 2362 106 2389 6
137 2348 292 2403 quibus
325 2362 410 2389 una
441 2347 630 2390 celebrat
662 2351 941 2390 monumenta
969 2348 1188 2391 Paschalis
1228 2349 1248 2390 Ι
1281 2349 1354 2404 qui
1385 2364 1498 2404 papa
1530 2349 1611 2390 fuit

81 2419 332 2461 817—824:
359 2418 467 2461 conf.
487 2418 537 2460 de
560 2418 740 2461 Rossius
769 2418 916 2462 JCUR
941 2419 984 2461 Π
1009 2422 1029 2462 1
1052 2436 1092 2475 p.
1117 2420 1199 2463 154
1211 2435 1326 2476 seqq.
1382 2419 1474 2463 Fol.
1503 2421 1556 2462 76
1572 2436 1609 2462 u.

81 2489 187 2532 haec
222 2490 443 2545 leguntur:

200 2559 333 2610 Quem
369 2564 484 2603 terra

198 2632 366 2687 pondus
397 2646 509 2674 nunc
542 2632 724 2675 dimittis
758 2649 928 2676 seruum
961 2637 1083 2676 tuum
1117 2634 1285 2676 domine
1320 2649 1489 2676 seruum

202 2702 434 2745 secundum
470 2704 646 2745 uerbum
680 2705 851 2747 domine
884 2709 1006 2747 tuum
1038 2707 1083 2748 in
1113 2721 1217 2760 pace

198 2773 266 2815 Ex
298 2787 414 2815 more
448 2773 563 2815 docti
596 2774 765 2817 mistico
799 2790 1018 2818 seruamus
1051 2776 1369 2831 hengeuinium.

81 2844 350 2887 Vocabulum
390 2844 590 2886 ultimum
627 2848 775 2899 potest
807 2850 849 2889 et
885 2849 969 2903 legi
1009 2848 1313 2902 henyeninimn:
1350 2849 1428 2891 illa
1465 2852 1609 2892 tamen

82 2917 171 2958 sine
192 2917 320 2959 dubio
341 2915 618 2971 praeferenda
639 2917 720 2959 erit
741 2918 883 2961 lectio.
922 2919 1011 2962 Fol.
1028 2920 1080 2962 77
1103 2920 1197 2976 (78)
1214 2936 1244 2962 r.
1291 2920 1478 2976 Oeggius
1504 2921 1609 2976 legit
