2003 3116
248 496 273 524 c)

247 525 269 536 -A

264 565 273 581 )

256 586 273 595 ..a

255 1464 275 1494 3

299 121 374 158 158
821 118 884 149 AD
912 119 949 150 C.
978 117 1265 149 HERENMUM

293 226 401 279 [sed]
436 226 470 266 si
503 226 543 264 te
581 238 714 265 unum
752 222 857 264 illud
897 223 1205 278 monuerimus,
1244 226 1379 266 artem
1421 225 1510 265 sine
1551 226 1809 268 adsiduitate

293 295 458 336 dicendi
484 309 570 336 non
596 295 775 335 multum
804 294 964 348 iuuare,
991 296 1037 335 ut
1063 294 1289 349 intellegas
1315 295 1425 336 hanc
1450 295 1662 337 rationem
1689 311 1809 351 prae-

291 365 498 420 ceptionis
531 365 583 406 ad
617 365 965 406 exercitationem
998 365 1314 407 adcommodari
1348 368 1556 421 oportere.

409 530 645 572 Oratoris
674 530 908 572 officium
942 534 1008 572 est
1039 531 1089 572 de
1120 531 1174 573 iis
1206 531 1332 573 rebus
1365 545 1490 585 posse
1524 531 1672 586 dicere,
1704 546 1810 586 quae

290 617 357 643 res
400 602 451 643 ad
492 616 615 643 usum
657 602 828 643 ciuilem
873 602 1064 643 moribus
1106 605 1147 643 et
1186 602 1353 657 legibus
1400 603 1660 644 constitutae
1699 606 1811 656 sunt,
1849 615 1865 639 5

292 688 386 715 cum
421 673 672 715 adsensione
707 673 962 727 auditorum,
995 673 1134 727 quoad
1168 674 1256 715 eius
1289 673 1379 715 fieri
1411 674 1582 728 poterit.

409 744 509 785 Tria
541 758 698 800 genera
730 747 831 786 sunt
863 759 1102 798 causarum,
1135 759 1241 799 quae
1274 745 1458 798 recipere
1493 743 1618 786 debet
1651 748 1811 787 orator:

291 815 690 869 demonstratiuum,
722 815 1063 869 deliberatiuum,
1094 815 1302 857 iudiciale.

407 886 886 929 Demonstratiuum
919 889 997 938 est,
1024 886 1137 942 quod
1163 886 1368 928 tribuitur
1392 887 1437 928 in
1464 886 1640 928 alicuius
1674 889 1812 928 certae

289 972 498 1013 personae
531 958 701 1000 laudem
733 959 802 999 uel
833 958 1206 1012 uituperationem.
1835 969 1867 994 10

409 1029 826 1071 Deliberatiuum
860 1031 925 1070 est
951 1029 994 1070 in
1022 1029 1349 1083 consultatione,
1384 1028 1495 1083 quod
1528 1028 1660 1070 habet
1691 1029 1736 1069 in
1769 1043 1813 1069 se

292 1099 534 1142 suasionem
570 1103 612 1141 et
645 1100 968 1142 dissuasionem.

407 1171 661 1213 Iudiciale
694 1175 769 1225 est,
796 1171 908 1226 quod
935 1171 1124 1225 positum
1152 1173 1218 1212 est
1244 1171 1286 1212 in
1313 1171 1605 1212 controuersia
1632 1173 1675 1211 et
1701 1169 1812 1225 quod

290 1242 422 1284 habet
455 1243 768 1285 accusationem
803 1244 877 1284 aut
908 1242 1159 1296 petitionem
1194 1257 1289 1283 cum
1322 1241 1581 1283 defensione.

407 1313 534 1356 Nunc
572 1329 677 1369 quas
720 1329 787 1355 res
835 1316 1051 1355 oratorem
1092 1313 1249 1354 habere
1296 1315 1513 1368 oporteat,
1555 1312 1813 1366 docebimus,
1835 1322 1867 1348 15

292 1385 441 1427 deinde
475 1400 557 1440 quo
593 1385 718 1427 modo
751 1385 829 1426 has
863 1399 1012 1426 causas
1038 1384 1224 1426 ”tractari
1257 1384 1495 1436 conueniat,
1529 1383 1812 1426 ostendemus.

410 1455 592 1510 Oportet
613 1457 747 1512 igitur
773 1470 865 1498 esse
886 1457 931 1497 in
953 1458 1124 1497 oratore
1144 1455 1451 1509 inuentionem,
1472 1454 1813 1510 dispositionem,

289 1528 583 1582 elocutionem,
616 1528 877 1582 memoriam,
910 1526 1316 1581 pronuntiationem.

406 1604 650 1647 quentio
685 1608 750 1646 est
776 1604 1036 1659 excogitatio
1068 1619 1209 1645 rerum
1238 1618 1437 1645 uerarum
1470 1605 1544 1644 aut
1575 1603 1664 1644 ueri
1697 1603 1811 1644 simi-

290 1677 406 1730 lium,
440 1691 546 1730 quae
579 1691 754 1718 eausam
786 1676 1053 1730 probabilem
1087 1675 1278 1716 reddant.
1829 1682 1893 1728 20-

409 1753 701 1807 Dispositio
741 1756 806 1794 est
853 1753 954 1795 ordo
1001 1755 1044 1794 et
1089 1751 1335 1793 distributio
1388 1765 1548 1802 rerum,
1594 1765 1700 1805 quae
1744 1750 1812 1792 de-

293 1827 516 1878 monstrat,
549 1824 649 1878 quid
682 1824 835 1878 quibus
868 1824 972 1865 locis
1007 1823 1063 1865 sit
1095 1823 1415 1865 conlocandum.

409 1894 653 1943 Elocutio
687 1903 751 1942 est
783 1901 1035 1942 idoneorum
1064 1899 1295 1941 uerborum
1329 1902 1372 1940 et
1413 1898 1724 1940 sententiarum
1759 1898 1811 1959 ad

290 1972 586 2014 inuentionem
620 1972 973 2014 adcommodatio.

410 2049 655 2091 Memoria
687 2052 753 2091 est
784 2049 909 2090 firma
941 2048 1073 2090 animi
1101 2062 1241 2089 rerum
1275 2049 1316 2088 et
1342 2047 1570 2088 uerborum
1604 2049 1645 2087 et
1671 2046 1808 2101 dispo·
1833 2053 1865 2079 2⁵

291 2121 458 2163 sitionis
491 2121 721 2175 perceptio.
1479 2122 1485 2127 ’

408 2198 775 2239 Pronuntiatio
809 2200 873 2238 est
908 2197 1037 2251 uocis,
1070 2196 1233 2251 uultus,
1265 2198 1409 2251 gestus
1448 2193 1684 2237 moderat-io
1717 2208 1812 2236 cum

291 2271 529 2310 uenustate.

411 2344 530 2387 Haec
563 2345 707 2387 omnia
732 2345 870 2386 tribus
903 2344 1028 2386 rebus
1068 2344 1240 2398 adsequi
1282 2343 1536 2398 poterimus,
1577 2344 1687 2396 arte,
1720 2342 1811 2383 imi-

291 2417 465 2471 tatione,
499 2416 814 2457 exercitatione.
1830 2431 1864 2456 30

411 2493 506 2535 Ars
540 2495 606 2534 est
636 2492 892 2547 praeceptio,
925 2506 1031 2546 quae
1065 2491 1138 2532 dat
1170 2493 1327 2533 certam
1369 2490 1485 2532 uiam
1518 2490 1810 2544 rationemque

291 2564 468 2606 dicendi.

412 2703 433 2738 1
461 2704 525 2738 sed
551 2703 606 2738 dez
630 2703 807 2738 Gruterus
880 2702 1099 2738 assiduitate
1167 2702 1189 2738 2
1215 2701 1404 2747 intelligas
1430 2702 1482 2737 bd
1553 2699 1577 2734 3
1604 2710 1810 2734 accommo-

293 2757 373 2791 dari
470 2757 494 2791 4
520 2757 565 2791 iis
592 2757 797 2802 Kayserus]
823 2757 880 2791 his
978 2756 1002 2790 6
1028 2756 1238 2791 assensione
1337 2766 1408 2799 quo
1435 2754 1482 2788 ad
1508 2755 1521 2788 l
1559 2752 1654 2796 quod
1682 2752 1810 2786 HJor-

294 2811 413 2845 (Ianus
438 2810 538 2844 Jx'rz't.
560 2810 674 2844 Bee'tr.
696 2822 729 2853 p.
752 2814 819 2844 339
873 2810 890 2844 7
919 2813 1004 2844 sunt
1031 2819 1166 2853 genera.
1191 2809 1215 2843 d
1271 2808 1320 2843 16
1347 2806 1494 2852 deinde]
1521 2806 1558 2841 et
1583 2806 1607 2840 d
1663 2804 1712 2839 22
1734 2804 1809 2839 col-

293 2863 490 2898 locandum
564 2862 614 2896 24
640 2863 932 2897 accommodatio
1006 2863 1054 2897 29
1081 2861 1227 2904 assequi
