2003 3116
310 136 359 175 12
869 134 1053 167 paones
1060 134 1235 168 OMENA.

299 244 483 297 aerbonis
514 243 676 295 scripsit
696 265 748 270 «-
773 256 855 294 qua
883 240 933 280 de
960 253 1004 280 re
1032 240 1140 280 conf.
1168 238 1365 282 OHalmii
1393 239 1601 283 Analecta
1626 241 1823 284 Tulliana

303 314 403 355 fasc.
436 313 455 353 I
488 328 527 365 p.
554 311 629 365 IV,
674 311 745 364 qui
788 309 975 351 codicem
1017 310 1200 352 contulit
1238 310 1401 364 primus
1444 313 1486 352 et
1526 312 1730 354 lectiones
1773 328 1823 355 ex

304 384 444 425 codice
472 382 576 423 satis
603 381 831 435 diligenter
858 383 1080 435 excerptas
1107 381 1132 422 1.
1161 395 1192 422 3.
1219 381 1364 422 edidit.
1410 381 1527 431 Quae
1554 384 1685 425 uerba
1710 399 1822 426 nunc

303 456 389 495 fere
427 452 565 493 deleta
603 454 784 506 possunt
815 451 984 507 quidem
1023 466 1113 493 esse
1152 452 1239 493 eius
1274 453 1345 507 qui
1384 453 1540 494 librum
1582 456 1723 495 totum
1755 469 1822 496 ex-

303 523 451 564 arauit.
513 522 584 563 Illi
617 522 689 576 qui
717 523 973 564 antecedunt
998 522 1069 564 fol.
1098 523 1206 565 7611.
1238 537 1398 577 uersus,
1435 538 1614 584 quorum
1645 525 1821 567 ultimus

302 594 604 635 transiectione
630 593 860 635 uerborum
888 596 930 635 et
954 594 1142 635 numeris
1170 594 1367 648 qualibus
1396 595 1544 650 hymni
1576 598 1823 651 panguntur

301 668 471 719 poetam
499 664 641 719 prodit
666 665 727 705 ita
753 665 1067 719 interpretandi
1093 666 1308 707 uidentur:
1345 666 1675 721 ‘Hengeuinium
1703 668 1821 710 cuius

302 736 491 790 corporis
525 735 690 790 pondus
724 736 894 777 domine
926 751 1039 778 nunc
1070 737 1114 777 in
1146 751 1250 790 pace
1283 737 1461 778 dimittis
1495 752 1516 779 e
1548 740 1663 780 terra
1690 736 1821 795 (conf.

300 806 436 848 Lucas
458 805 604 863 1129),
626 806 716 848 01113
744 806 933 848 animum
960 821 1039 849 nos
1066 807 1206 849 clerici
1233 822 1390 849 arcana
1416 809 1672 850 sacramenti
1698 810 1817 851 insti-

300 879 466 920 tutione
500 878 735 920 seruamus'
762 878 872 919 unde
900 878 1077 933 colligas
1102 878 1418 934 Hengeuinium
1447 879 1570 920 illum
1604 894 1698 921 cum
1721 880 1820 922 Ger-

300 949 426 991 botus
460 950 642 1004 scriptor
674 949 881 991 barbarus
913 949 1019 991 haec
1053 950 1185 991 uerba
1215 950 1397 991 barbara
1423 951 1710 993 conscriberet
1736 953 1825 994 ani-

303 1035 417 1062 mum
443 1021 580 1076 egisse
608 1024 650 1062 et
677 1023 993 1062 sacramentum
1022 1022 1246 1076 accepisse.
1277 1021 1504 1063 Praeterea
1524 1022 1596 1063 fol.
1614 1023 1666 1064 77
1685 1022 1779 1079 (78)
1795 1039 1826 1066 r.

302 1091 470 1133 additus
504 1094 569 1133 est
600 1107 730 1133 manu
762 1092 996 1134 recentiore
1024 1107 1171 1134 uersus
1204 1093 1274 1134 hic
1305 1096 1399 1134 tunc
1425 1094 1548 1147 ayilis
1574 1093 1711 1136 Cicero
1737 1109 1829 1137 con-

299 1163 476 1204 stantius
520 1163 682 1217 affiniora
725 1164 837 1216 fisus.
901 1162 1061 1204 Versus
1112 1164 1243 1205 habet
1297 1179 1380 1205 una
1431 1178 1622 1218 quaeque
1673 1166 1832 1220 pagina

299 1233 424 1275 XXII
460 1248 557 1275 raro
590 1232 758 1288 XXIII,
793 1234 870 1275 sub
903 1235 1030 1275 finem
1063 1235 1161 1275 libri
1195 1233 1315 1276 XXV
1348 1235 1416 1275 uel
1449 1234 1612 1277 XXVI:
1648 1237 1693 1278 in
1725 1238 1828 1279 10013

302 1304 514 1359 corruptis
547 1304 590 1345 in
618 1304 813 1359 margine
847 1305 1010 1359 passim
1038 1306 1299 1360 conspicitur
1334 1308 1436 1347 nota
1462 1309 1501 1355 B<
1534 1321 1617 1361 qua
1643 1308 1693 1349 de
1720 1308 1829 1350 conf.

302 1374 552 1430 HHagenus
591 1374 825 1417 Verhandl.
857 1377 894 1418 d.
930 1376 1095 1418 zurich.
1128 1376 1340 1432 Philolog.
1378 1376 1499 1418 Vers.
1528 1378 1639 1420 1887
1672 1394 1712 1433 p.
1732 1380 1830 1422 251.

301 1446 530 1489 Correctus
564 1448 628 1487 est
655 1447 785 1488 codex
813 1447 865 1488 ab
899 1448 1106 1502 scriptore
1140 1448 1275 1490 denuo
1309 1448 1359 1489 ad
1393 1448 1672 1503 archetypum
1705 1465 1832 1505 opere

303 1519 356 1560 ad
389 1519 517 1559 finem
551 1517 734 1559 adducto
776 1521 818 1560 et
856 1519 908 1559 ab
949 1519 1044 1560 aliis
1082 1519 1326 1561 hominibus
1366 1520 1528 1574 passim
1566 1521 1829 1575 temporibus

301 1589 497 1631 diuersis:
529 1603 609 1631 nos
641 1603 933 1645 quaecumque
964 1605 1050 1632 non
1078 1605 1206 1632 manu
1232 1591 1370 1645 prima
1403 1591 1447 1631 in
1479 1605 1603 1632 uersu
1631 1606 1708 1633 suo
1735 1593 1828 1634 1000

301 1663 413 1702 recte
450 1661 594 1715 posita
633 1661 910 1703 inueniuntur
946 1664 1052 1703 nota
1084 1660 1157 1716 H27
1196 1662 1350 1703 codicis
1393 1662 1528 1716 ipsius
1569 1661 1641 1717 qui
1679 1663 1707 1704 h
1746 1663 1829 1704 fuit

300 1730 495 1786 Kaysero
541 1732 795 1786 scripturam
841 1731 881 1773 H
925 1733 1071 1774 littera
1117 1732 1423 1788 significamus.
1486 1731 1686 1774 Codicem
1730 1748 1827 1775 0011-

300 1803 477 1844 tulimus
514 1817 592 1845 nec
633 1817 719 1844 non
758 1806 900 1845 errata
943 1802 1107 1845 Halmii
1147 1804 1362 1845 nonnullis
1408 1804 1512 1845 locis
1555 1804 1828 1846 correximus.

300 1873 350 1914 111
394 1873 522 1915 Italia
572 1888 667 1915 eum
718 1875 1009 1929 conscriptum
1062 1889 1154 1916 esse
1202 1890 1251 1916 ex
1297 1889 1450 1930 genere
1500 1874 1741 1916 litterarum
1786 1879 1828 1916 et

302 1945 566 1998 picturarum
605 1946 738 1987 ueluti
770 1945 841 1988 fol.
873 1946 923 1987 17
941 1960 972 1986 r.
1005 1945 1105 1987 licet
1140 1946 1364 2000 suspicari:
1405 1944 1666 1999 Stephanum
1702 1946 1823 1987 cleri—

302 2031 396 2057 cum
428 2016 635 2070 plurimos
671 2016 877 2058 eiusmodi
918 2016 1053 2057 libros
1088 2031 1137 2057 ex
1169 2016 1294 2057 Italia
1328 2016 1656 2071 Wirceburgum
1689 2018 1825 2058 trans-

305 2087 455 2128 tulisse
486 2087 672 2129 traditur
705 2087 817 2143 apud
849 2087 1070 2129 Halmium
1109 2088 1134 2129 l.
1161 2102 1192 2129 3.
1219 2088 1320 2130 fasc.
1346 2087 1390 2129 II
1423 2103 1462 2142 p.
1489 2087 1551 2129 VI
1589 2087 1698 2129 conf.
1725 2088 1826 2129 fasc.

302 2158 321 2198 1
355 2173 392 2211 p.
422 2157 495 2211 IV,
541 2156 738 2213 ι18101011,
781 2158 848 2199 die
892 2158 1224 2200 Handscln·ifte11
1270 2158 1343 2199 der
1381 2158 1591 2200 Rhetorik
1635 2159 1688 2200 ad
1726 2157 1827 2200 Her.

301 2242 442 2284 progr.
470 2229 680 2283 gymnasii
715 2228 1135 2271 Schweinsurtiensis
1170 2245 1205 2272 a.
1236 2230 1347 2271 1863
1380 2245 1418 2284 p.
1450 2231 1514 2272 12.

43 2296 273 2358 Οοᾶζζξίἷῗίδῑ·
419 2300 457 2340 2.
497 2298 639 2341 Codex
672 2300 892 2341 Parisinus
933 2301 1048 2342 7714
1088 2301 1205 2342 codd.
1238 2301 1491 2342 Latinorum
1530 2301 1826 2354 bybliothecae

303 2370 518 2424 quondam
544 2371 689 2425 regiae
714 2385 827 2412 nunc
853 2371 1061 2426 publicae,
1091 2372 1230 2412 forma
1257 2371 1342 2412 fere
1370 2371 1614 2425 quadratus,
1641 2371 1825 2424 scriptus

304 2442 472 2482 saeculo
511 2440 571 2482 IX
610 2441 766 2483 litteris
806 2442 1054 2484 minusculis
1093 2441 1361 2497 Karolingiis
1401 2441 1509 2483 satis
1549 2442 1746 2483 sollerter
1784 2444 1827 2483 et
1877 2434 1880 2437 ⁴

304 2513 548 2567 diligenter:
590 2513 698 2555 conf.
732 2512 968 2569 Catalogus
1008 2513 1199 2555 codicum
1242 2513 1633 2566 manuscriptorum
1675 2512 1826 2554 biblio-

302 2583 451 2624 thecae
484 2583 618 2625 Paris.
649 2585 761 2625 1744
792 2599 892 2639 pars
926 2584 991 2625 III
1023 2585 1105 2626 1101.
1132 2584 1195 2626 IV
1227 2600 1266 2639 p.
1294 2584 1377 2626 387
1416 2582 1562 2625 Simon
1595 2583 1620 2624 l.
1647 2598 1678 2624 s.
1702 2598 1741 2637 p.
1771 2583 1825 2624 15

303 2654 513 2695 Aemilius
547 2653 772 2696 Chatelain
804 2655 1119 2710 Paleographie
1152 2655 1224 2696 des
1259 2655 1492 2708 classiques
1524 2653 1673 2695 Latius
1704 2652 1825 2695 Paris

307 2725 419 2766 1885
456 2724 559 2766 fasc.
591 2724 633 2765 II
666 2726 752 2766 tab.
778 2725 882 2767 XVI
923 2727 994 2767 ubi
1033 2727 1308 2768 simulacrum
1350 2726 1420 2767 fol.
1448 2726 1525 2766 91¹.
1564 2724 1721 2765 editum
1760 2726 1824 2764 est

306 2795 405 2835 libri
433 2795 450 2835 Ι
485 2795 643 2837 exitum
675 2796 928 2838 exhibentis.
978 2796 1061 2837 Hic
1095 2812 1261 2851 quoque
1294 2797 1401 2838 liber
1433 2795 1660 2838 constabat
1691 2808 1824 2848 quon-

305 2865 402 2906 dam
430 2867 543 2907 foliis
574 2867 626 2909 78
659 2867 1009 2921 quaternionibus
1037 2867 1062 2908 9
1091 2868 1244 2921 quibus
1274 2867 1441 2908 additus
1469 2869 1533 2907 est
1557 2864 1688 2907 trinio
1715 2880 1823 2906 unus
