2003 3116
686 128 1054 162 PROLEGOMENA.
1578 124 1633 165 95

110 238 390 281 iuridicialis.'
442 236 581 287 Quare
614 252 692 279 nos
723 237 938 280 noluimus
973 237 1222 291 scriptorem
1250 250 1347 277 cum
1373 235 1471 276 aliis
1504 234 1631 276 corri-

114 324 212 366 gere
245 311 289 351 in
322 310 469 351 ordine
502 311 748 364 peccantem
786 311 1114 364 praeceptorum
1146 308 1188 349 II
1221 308 1294 361 23,
1314 306 1371 349 35
1410 307 1484 348 ubi
1523 321 1635 348 uana

110 382 223 424 ratio
264 381 376 423 inter
412 381 626 422 infirmam
664 382 824 422 temere
862 381 1117 436 interposita
1149 383 1214 422 est
1246 394 1381 434 neque
1412 377 1480 420 III
1512 379 1552 433 6,
1580 378 1634 419 10

111 453 186 495 ubi
217 453 389 495 inuerso
421 451 569 493 ordine
602 452 940 494 confirmationis
978 454 1206 507 praecepta
1246 451 1500 493 antecedunt
1538 450 1632 491 reli-

113 539 198 580 qua
230 524 376 566 omnia
408 522 541 564 ueluti
574 522 624 563 de
656 523 870 577 principio
902 522 1149 564 narratione
1176 522 1286 563 aliis.
1337 522 1446 563 Tum
1472 522 1632 563 multos

111 596 229 637 locos
263 594 436 636 omnino
469 595 655 635 tractare
687 593 843 635 omisit.
889 593 1159 648 Quamquam
1185 592 1227 633 ΙΙ
1254 594 1322 647 20,
1341 593 1394 634 31
1430 607 1478 634 ea
1511 591 1633 647 ‘quae

112 666 242 708 tacite
281 665 496 707 contemni
536 667 663 720 atque
700 664 831 706 uitari
876 664 965 706 sine
1010 663 1361 719 reprehensione’
1408 665 1635 706 conueniat

113 736 225 791 quod
269 735 439 777 uidetur
480 735 696 791 omisisse,
740 735 783 777 id
828 735 988 778 factum
1027 739 1093 777 est
1131 736 1285 778 lacuna
1322 734 1396 776 illa
1433 735 1477 776 in
1518 735 1633 776 exitu

110 807 155 848 II
186 807 261 863 22,
281 807 338 849 34
373 809 531 849 coorta.
583 806 664 849 Sed
696 807 854 848 librum
887 807 908 848 I
940 807 992 848 ad
1025 821 1157 862 genus
1190 807 1385 849 iudiciale
1422 807 1633 862 pertinere

112 878 257 920 docuit
289 878 459 920 demum
491 879 535 920 in
566 879 787 934 prooemio
830 878 1023 920 secundi:
1062 877 1125 920 IV
1152 880 1220 933 33,
1240 879 1297 920 44
1330 878 1632 932 superlationis

109 964 216 1005 quae
248 950 466 992 minuendi
500 964 629 992 causa
660 950 834 1005 ponitur
868 951 1062 1004 exempla
1088 965 1184 992 cnm
1217 950 1328 1006 apud
1363 950 1469 991 alios
1503 950 1632 1003 scrip-

106 1023 220 1062 tores
266 1020 467 1076 legantur
507 1020 655 1062 addita
699 1020 820 1062 nulla
865 1023 1036 1061 exstant
1081 1035 1218 1075 neque
1263 1021 1421 1063 ibidem
1462 1022 1633 1076 singula

106 1091 410 1134 intellectionis
443 1105 601 1147 genera
638 1091 726 1132 suis
767 1090 1034 1145 explicantur
1068 1092 1287 1147 exemplis.
1350 1091 1401 1132 In
1436 1093 1632 1134 sermoci-

106 1163 279 1205 natione
322 1166 464 1204 autem
497 1161 559 1203 IV
587 1161 732 1216 5265
779 1163 957 1203 alterum
1006 1162 1132 1203 huius
1177 1163 1339 1218 figurae
1386 1179 1519 1220 genus
1566 1164 1632 1205 his

106 1234 404 1277 tantummodo
455 1234 659 1275 tractauit
702 1234 861 1275 uerbis:
913 1232 1044 1275 ‘Sunt
1094 1234 1195 1275 item
1250 1235 1632 1278 sermocinationes

106 1309 414 1362 consequentes
453 1306 534 1347 hoc
572 1318 727 1361 genus:
765 1303 878 1346 Nam
921 1305 1021 1360 quid
1060 1308 1261 1361 putamus
1303 1307 1401 1349 illos
1443 1307 1632 1349 dicturos

106 1379 142 1419 si
179 1378 259 1420 hoc
304 1376 624 1419 iudicaueritis‘?
668 1375 824 1418 Nonne
872 1392 1021 1419 omnes
1068 1378 1146 1419 hac
1190 1380 1362 1420 utentur
1407 1379 1631 1421 oratione?

107 1449 270 1491 Deinde
310 1448 500 1490 subicere
542 1448 815 1490 sermonem.'
868 1448 1002 1497 Quem
1043 1449 1181 1491 locum
1223 1450 1326 1491 item
1360 1453 1407 1491 ut
1440 1451 1629 1506 spurium

105 1521 336 1575 eiecerunt,
375 1522 552 1574 temere,
585 1512 758 1575 opinor:
798 1535 935 1575 neque
969 1520 1080 1562 enim
1115 1521 1343 1576 quicquam
1375 1522 1487 1563 inest
1519 1523 1630 1577 quod

105 1607 130 1634 a
157 1591 379 1646 scriptoris
407 1606 601 1633 sermone
629 1591 815 1633 alienum
844 1593 918 1633 sit:
952 1592 1061 1634 conf.
1087 1592 1149 1633 IV
1179 1594 1245 1646 17,
1267 1593 1340 1635 24:
1374 1592 1499 1635 ‘Sunt
1531 1595 1632 1635 item

107 1662 364 1705 sententiae’
392 1677 425 1704 e.
446 1677 482 1718 q.
504 1678 534 1705 s.
566 1662 609 1704 II
639 1664 704 1718 13,
726 1663 781 1705 20
821 1663 953 1705 eSunt
984 1664 1087 1705 item
1121 1664 1274 1719 pacta’
1303 1680 1336 1706 e.
1359 1681 1396 1721 q.
1419 1681 1468 1720 s.‚
1507 1680 1631 1707 uoca-

106 1735 252 1777 bulum
285 1735 470 1788 conseqm‘
502 1737 545 1776 et
576 1735 849 1790 participium
882 1749 1122 1789 consequens
1158 1736 1409 1791 saepissime
1446 1737 1632 1791 adhibet,

106 1807 178 1862 qui
202 1820 345 1849 raereus
370 1807 533 1860 loquens
558 1807 702 1861 posuit
728 1806 791 1848 IV
811 1807 879 1862 55,
900 1807 968 1849 68.
1002 1801 1162 1862 32J43
1200 1808 1352 1864 Itaque
1381 1823 1457 1850 nos
1486 1823 1632 1850 omnes

105 1878 313 1921 eiusmodi
347 1879 464 1920 locos
491 1892 574 1933 quo
602 1878 743 1933 magis
778 1878 878 1919 libri
910 1879 1025 1920 illius
1059 1893 1192 1934 genus
1220 1882 1262 1921 et
1288 1882 1443 1921 natura
1475 1893 1633 1935 cogno-

107 1952 251 1992 scatur
293 1965 378 1992 non
423 1950 658 1991 recidemus
705 1952 778 1991 aut
822 1951 1144 1992 exturbabimus
1183 1951 1254 1993 sed
1295 1967 1422 2006 quam
1462 1952 1632 2007 religio—

107 2021 275 2063 sissime
321 2021 589 2064 seruabimus
629 2024 671 2063 et
710 2023 858 2077 quanti
898 2023 986 2064 sint
1025 2023 1365 2064 aestimabimus:
1411 2026 1476 2065 est
1520 2024 1629 2065 enim

105 2092 319 2134 rhetorica
346 2093 399 2134 ad
424 2092 524 2135 Her.
552 2093 848 2135 commentarii
878 2093 1127 2136 scholastici
1161 2095 1376 2149 specimen
1409 2095 1627 2150 singulare

108 2166 150 2204 et
182 2164 400 2219 egregium
433 2179 483 2206 ex
516 2165 772 2220 antiquitate
806 2168 1037 2223 seruatum.

226 2234 456 2277 Rhetorica
489 2236 541 2277 ad
569 2235 669 2279 Her.
696 2252 793 2279 cum
819 2237 913 2279 ideo
941 2238 1095 2279 summi
1123 2240 1188 2279 est
1211 2238 1338 2293 pretii
1367 2238 1477 2293 quod
1505 2241 1623 2280 uetu-

107 2306 297 2348 stissima
324 2308 516 2350 omnium
543 2309 699 2350 artium
726 2309 1034 2351 rhetoricarum
1063 2312 1127 2351 est
1151 2325 1258 2365 quae
1283 2313 1376 2352 tota
1396 2314 1439 2353 et
1459 2311 1629 2367 integra

107 2381 280 2420 seruata
325 2379 381 2420 sit
424 2382 516 2420 tum
561 2379 656 2422 ideo
702 2381 815 2436 quod
860 2381 904 2422 in
946 2396 995 2423 ea
1033 2382 1220 2436 primum
1266 2383 1371 2425 artis
1411 2383 1629 2425 cuiusdam

108 2450 415 2505 grammaticae
449 2452 656 2494 memoria
688 2455 846 2494 exstat:
885 2468 984 2494 nam
1016 2452 1078 2495 IV
1108 2454 1174 2509 12,
1200 2455 1251 2495 17
1285 2455 1458 2510 legitur:
1491 2455 1631 2497 ‘Haec

108 2535 191 2576 qua
234 2522 402 2563 ratione
447 2523 584 2564 uitare
627 2538 873 2579 possumus⁷
917 2526 962 2566 in
1001 2527 1092 2567 arte
1131 2526 1412 2581 grammatica
1451 2527 1631 2568 dilucide

108 2591 322 2636 dicemus?
366 2592 522 2635 Utrum
549 2594 700 2637 studiis
732 2595 1042 2650 philosophicis
1071 2596 1238 2638 deditus
1268 2612 1419 2639 reuera
1452 2599 1629 2652 scripse-

106 2663 164 2704 rit
208 2667 343 2705 artem
388 2666 734 2719 grammaticam,
779 2682 833 2708 an
879 2668 1178 2709 tantummodo
1219 2683 1268 2709 ea
1307 2683 1351 2709 re
1391 2672 1630 2711 commotus

107 2735 221 2789 quod
253 2735 333 2777 hoc
366 2736 460 2778 loco
489 2735 641 2779 Graeci
669 2738 861 2779 rhetores
895 2739 1091 2780 solebant
1123 2754 1459 2782 commemorare
1489 2741 1631 2783 studia

108 2808 389 2862 grammatica
434 2806 630 2865 (Quintil.
663 2808 770 2850 VIII
804 2810 847 2864 1,
876 2811 901 2851 2
962 2810 1086 2853 Mart.
1129 2810 1232 2866 Cap.
1269 2827 1308 2866 p.
1341 2813 1434 2866 167,
1462 2813 1487 2854 6
1532 2813 1631 2854 edit.

107 2877 333 2936 Eyssenh.)
354 2879 582 2922 admodum
608 2880 864 2923 festinanter
883 2883 908 2924 1.
932 2897 962 2924 s.
984 2883 1328 2939 pronuntiauerit
1353 2885 1628 2940 propositum

1646 2232 1689 2256 De
1706 2232 1914 2263 grammaticis

1646 2268 1757 2293 studiis
1784 2268 1913 2298 scripto-

1684 2304 1726 2327 ris
1747 2304 1785 2328 ad
1807 2304 1877 2328 Her.
