2003 3116
713 135 1080 168 PROLEGOMENA.
1581 132 1664 172 179

145 243 256 284 male
289 243 585 296 conparatum.
632 242 745 284 Nam
777 247 834 285 est
859 244 1024 285 auditus
1052 242 1164 298 quod
1189 245 1254 283 est
1280 243 1323 282 in
1348 249 1384 282 Ε
1411 242 1578 284 saeculo
1605 240 1667 282 IX

148 313 212 354 uir
244 313 394 355 doctus
428 314 669 368 nescioquis
703 314 876 368 addidit,
908 314 1008 368 quia
1041 313 1254 355 omittitur
1285 313 1330 354 in
1362 312 1559 366 HPHB,
1593 311 1667 352 sed

146 399 188 424 m
218 385 239 425 1
284 384 488 438 scriptum
529 387 670 425 exstat
701 385 743 425 in
783 383 833 426 C:
871 385 981 425 conf.
1014 399 1142 437 supra
1167 383 1296 437 p.45.
1365 383 1416 424 In
1452 389 1498 423 M
1535 383 1668 436 igitur

148 455 445 496 tantummodo
491 458 634 497 erant:
679 455 936 510 ‘Postquam
986 456 1067 496 iste
1118 455 1162 495 in
1211 454 1521 508 rempublicam
1566 453 1668 494 fecit

147 526 366 580 impetum,
393 526 540 581 fragor
565 526 755 567 ciuitatis
774 527 820 566 in
845 525 1023 580 primis.’
1073 525 1218 580 Recte,
1239 526 1403 580 opinor,
1430 529 1471 566 et
1498 524 1667 579 egregie

144 596 249 638 haec
282 597 395 638 dicta
428 599 541 637 sunt.
602 595 713 637 Nam
748 596 791 636 in
826 596 960 637 altero
994 596 1217 637 enuntiato
1251 596 1428 636 uerbum
1463 596 1667 636 omissum

146 670 211 708 est
245 671 500 721 παθητικῶς
552 667 678 708 sicuti
717 667 826 721 apud
866 667 1006 707 Plaut.
1039 667 1253 720 Amphitr.
1288 667 1395 707 1061
1437 665 1447 683 ς

146 738 349 790 parturit,
383 738 482 779 deos
518 738 599 779 sibi
633 738 828 790 inuocat,
861 738 1084 791 strepitus,
1123 737 1308 790 crepitus
1342 737 1527 790 sonitus,
1560 736 1669 777 toni-

253 806 266 823 '
328 807 453 862 Verg.
481 806 587 848 Aen.
613 806 782 849 111227
817 806 929 848 ‘tum
962 823 1047 849 uox
1078 810 1265 848 taetrum
1301 807 1395 848 dira
1427 808 1539 848 inter
1571 807 1668 848 odo-

143 877 261 919 rem.⁹
311 878 413 920 Hor.
441 882 519 919 sat.
547 878 568 919 I
595 879 632 932 9,
654 879 707 919 77
736 877 920 919 ‘clamor
947 878 1183 933 utrimque'
1212 882 1253 919 et
1279 879 1530 932 saepissime
1558 877 1668 932 apud

142 949 349 990 Tacitum.
401 949 742 991 Prz'mi'cim'tatis
762 950 875 1003 apud
903 950 1154 1004 scriptorem
1175 950 1227 990 ad
1253 949 1356 990 Her.
1377 952 1669 990 memorantur

143 1019 203 1061 IV
219 1021 365 1074 13‚19.
394 1021 462 1071 54,
484 1021 558 1062 68:
587 1021 836 1062 aduerbium
864 1022 1058 1074 inprimis
1088 1021 1169 1062 hoc
1196 1021 1291 1062 loco
1317 1024 1464 1074 aptum
1485 1034 1570 1062 non
1591 1023 1667 1060 est.

147 1091 322 1133 Nouum
353 1092 488 1147 igitur
520 1091 625 1132 illud
665 1092 919 1133 uocabulum
961 1094 1025 1133 est
1059 1092 1224 1146 firayor,
1262 1095 1453 1145 tempore
1492 1090 1667 1132 Sullano

148 1163 200 1203 ab
233 1163 384 1218 ignoto
417 1162 603 1217 quodam
643 1162 904 1204 confectum:
942 1177 1079 1217 neque
1119 1164 1231 1204 enim
1269 1177 1440 1204 necesse
1478 1166 1544 1203 est
1581 1167 1665 1202 sta-

148 1238 320 1276 tuamus
352 1234 459 1275 illud
492 1233 669 1275 uerbum
709 1249 732 1275 a
771 1233 979 1288 scriptore
1018 1233 1069 1274 ad
1108 1232 1210 1274 Her.
1244 1248 1337 1274 esse
1378 1234 1668 1288 excogitatum

149 1306 215 1347 uel
247 1306 300 1347 ab
333 1305 424 1347 eius
457 1305 642 1348 doctore.
702 1304 876 1363 Nouum
909 1319 1009 1346 uero
1042 1305 1119 1346 illo
1146 1307 1339 1358 tempore
1369 1306 1513 1358 frayor
1545 1318 1668 1346 uoca-

146 1376 296 1417 bulum
322 1376 453 1417 fuisse
480 1376 578 1417 inde
604 1378 736 1431 patet,
768 1376 879 1430 quod
911 1376 995 1418 nisi
1020 1376 1166 1418 lexicis
1194 1376 1298 1418 fides
1325 1379 1507 1432 negatur
1533 1390 1668 1430 neque

150 1447 408 1489 comicorum
441 1462 577 1502 neque
609 1448 873 1502 tragicorum
908 1448 1134 1502 quisquam
1166 1462 1303 1502 neque
1336 1447 1500 1488 Ennius
1533 1461 1667 1501 neque

141 1519 328 1560 Lucilius
355 1518 573 1560 inuenitur
600 1517 675 1559 illo
703 1533 805 1559 usus
840 1533 951 1560 esse:
985 1519 1098 1572 quod
1135 1519 1296 1572 primus
1330 1518 1518 1559 omnium
1552 1518 1670 1559 adhi-

142 1588 235 1629 buit
267 1588 491 1630 Lucretius
523 1602 743 1642 persaepe,
774 1590 822 1629 ut
853 1592 1026 1642 poetam
1066 1591 1334 1630 uetustorum
1372 1589 1546 1630 illorum
1577 1588 1668 1629 imi-

141 1662 324 1701 tatorem
345 1660 528 1714 gaudere
550 1662 776 1713 tantopere
804 1660 1015 1701 uocabulo
1043 1674 1156 1701 nouo
1180 1660 1359 1700 mireris.
1408 1658 1541 1701 Vides
1569 1674 1669 1714 quo—

144 1731 268 1781 modo
308 1746 386 1772 nos
423 1730 640 1772 rhetorica
679 1730 732 1772 ad
771 1730 871 1772 Her.
912 1731 1159 1772 introducat
1199 1731 1243 1772 in
1282 1730 1491 1772 sermonis
1528 1730 1669 1771 Latini

145 1801 333 1857 origines
369 1804 411 1843 et
443 1802 595 1843 fontes.
657 1801 808 1856 Neque
841 1802 955 1843 enim
988 1802 1122 1843 ullum
1165 1804 1307 1843 exstat
1346 1802 1553 1857 scriptum
1587 1816 1669 1855 quo

145 1873 296 1914 melius
330 1872 496 1914 Sullani
530 1873 624 1914 aeui
657 1887 897 1914 sermonem
930 1888 1187 1929 cognoscere
1228 1876 1270 1914 et
1309 1862 1494 1914 ediscere
1534 1873 1668 1927 possi-

143 1959 237 1985 mus
271 1958 507 1998 operaeque
539 1944 726 1998 pretium
769 1947 834 1986 est
873 1959 1123 1999 comparare
1162 1945 1282 1985 illam
1322 1958 1418 1985 cum
1453 1943 1669 1985 Ciceronis

143 2015 314 2069 scriptis
347 2017 539 2070 tempore
574 2014 748 2057 Sullano
784 2016 1035 2070 compositis
1071 2016 1215 2070 qualia
1250 2018 1349 2057 sunt
1376 2015 1476 2056 libri
1502 2015 1552 2056 de
1585 2015 1669 2055 inu.

144 2087 360 2128 orationes
411 2101 490 2140 pro
542 2086 742 2135 Quinctio
796 2102 873 2140 pro
920 2087 1076 2128 Roscio
1126 2086 1353 2140 Amerino,
1402 2101 1484 2141 quo
1530 2087 1668 2141 magis

147 2160 429 2213 cognoscatur
461 2161 504 2199 et
534 2157 591 2199 M.
619 2158 753 2198 Tullii
784 2158 1003 2212 ingenium
1038 2158 1137 2198 felix
1166 2160 1208 2198 et
1234 2158 1408 2212 elegans
1441 2160 1483 2197 et
1509 2156 1669 2198 saeculi

144 2229 259 2270 illius
291 2229 466 2283 propria
498 2229 699 2284 loquendi
732 2229 1004 2270 consuetudo.

262 2299 313 2341 In
348 2299 430 2341 hac
471 2299 655 2340 editione
693 2299 941 2341 adornanda
980 2298 1182 2340 breuitati
1221 2298 1361 2352 quoad
1399 2299 1490 2340 fieri
1528 2299 1670 2353 potuit
1687 2286 1952 2348 ἓξῌῑξῗὲξῗοῃῖᾶζζ

145 2371 403 2413 studuimus:
443 2384 572 2425 quare
617 2370 884 2411 coniecturas
930 2370 1119 2411 uirorum
1166 2370 1389 2412 doctorum
1435 2370 1667 2411 adtulimus
1746 2358 1900 2383 SUbSidiiS'

143 2456 379 2497 perpaucas
419 2441 589 2482 omissis
633 2441 719 2482 illis
765 2456 944 2496 quarum
989 2443 1184 2483 auctores
1224 2441 1473 2483 melioribus
1511 2442 1667 2483 instru-

144 2512 300 2554 mentis
357 2512 725 2566 interpretationis
777 2512 962 2567 cognitis
1013 2512 1277 2566 paenituisse
1329 2513 1669 2566 expectabamus.

142 2584 318 2625 Etenim
351 2582 468 2625 codd.
502 2583 715 2625 rationem
747 2584 815 2624 uel
847 2584 973 2637 pauci
1007 2584 1074 2624 uel
1113 2598 1238 2624 nemo
1270 2586 1563 2638 perspexerat:
1596 2583 1667 2637 qui

144 2656 329 2709 optimas
368 2668 476 2695 unus
517 2654 708 2695 omnium
744 2653 897 2695 habuit
934 2653 1204 2708 collationes,
1245 2653 1428 2695 Carolus
1461 2653 1670 2707 Halmius,

145 2726 181 2767 is
214 2728 257 2767 et
288 2725 477 2780 plurima
509 2725 622 2766 bona
654 2724 752 2766 huic
784 2724 895 2765 libro
929 2724 1085 2766 adtulit
1116 2727 1158 2765 et
1199 2724 1387 2780 plurima
1425 2739 1532 2779 quae
1572 2727 1670 2766 sunt

146 2796 373 2839 admodum
407 2810 609 2851 peruersa
648 2798 690 2836 et
728 2795 899 2837 silentio
941 2795 1233 2851 opprimenda.
1295 2795 1374 2837 Cui
1412 2796 1522 2837 libro
1557 2792 1669 2836 ffihil

147 2867 286 2921 magis
320 2868 444 2909 offuit
469 2882 596 2922 quam
625 2867 799 2908 morbus
826 2867 899 2907 ille
925 2867 1042 2909 locos
1070 2867 1257 2921 optimos
1286 2870 1332 2908 ut
1359 2867 1526 2921 spurios
1554 2867 1668 2908 dam-

1314 2942 1353 2970 12
1368 2937 1386 2956 ²¹¹*

1457 682 1556 707 nam
1595 666 1668 706 ubi

147 811 249 848 trus.
