2003 3116
447 212 500 253 90
1021 209 1387 242 PROLEGOMENA.

447 321 528 361 sibi
573 333 664 359 esse
709 320 843 357 artem
888 317 1214 371 grammaticam
1259 330 1532 370 componere,
1577 319 1692 358 certo
1740 318 1961 360 diiudicari

446 389 607 443 nequit:
642 389 722 429 hoc
756 389 897 428 tamen
930 387 1198 441 probabilius
1232 387 1472 441 putandum
1505 389 1569 427 est
1601 389 1827 441 propterea
1853 389 1965 444 quod

444 458 741 513 philosophiae
767 460 859 498 tum
891 458 1073 499 uacabat
1104 460 1220 498 totus
1253 472 1389 512 neque
1425 457 1510 498 alia
1543 458 1707 499 ratione
1734 459 1807 499 illa
1833 461 1964 500 uerba

444 529 728 570 intellexerim
774 543 900 584 quam
946 543 1052 583 quae
1095 528 1162 569 III
1199 529 1245 583 2,
1277 530 1303 571 3
1342 529 1543 584 leguntur
1586 527 1682 570 ³...
1717 529 1765 570 de
1811 530 1963 584 quibus

445 601 584 656 magis
617 600 769 641 idoneo
802 603 995 653 tempore
1029 600 1264 654 loquemur,
1296 599 1506 654 siquando
1540 599 1589 640 de
1616 614 1660 640 re
1687 600 1862 641 militari
1891 603 1964 641 aut

446 672 496 713 de
542 671 912 713 administratione
959 671 1220 726 reipublicae
1262 671 1445 712 scribere
1490 671 1699 713 uelimus?
1761 671 1964 712 quenilis

446 743 559 784 enim
593 743 751 797 ingenii
786 745 849 783 est
882 742 925 782 in
957 743 1060 796 ipsis
1102 742 1343 783 studiorum
1382 741 1584 796 primitiis
1617 757 1740 796 quam
1782 743 1966 795 plurima

446 829 574 868 opera
602 814 852 868 promittere
881 813 1115 854 scribenda.
1153 812 1363 854 Videlicet
1394 813 1522 854 homo
1548 812 1767 854 Romanus
1796 814 1844 854 de
1871 814 1964 854 rhe—

445 886 580 926 torica
619 885 765 927 eodem
806 885 931 925 modo
978 885 1128 925 scribit
1168 899 1250 938 quo
1289 882 1474 925 Catones
1508 883 1723 925 Varrones
1765 884 1877 926 Celsi
1916 884 1965 925 de

445 957 641 998 omnibus
686 956 923 1010 disciplinis
974 956 1042 996 uel
1086 956 1293 1010 plurimis.
1361 955 1514 996 Insunt
1563 959 1709 997 tamen
1758 955 1966 997 nonnulla

446 1027 728 1082 grammatica
776 1028 821 1068 in
870 1027 992 1067 libris
1038 1026 1091 1067 ad
1135 1026 1236 1068 Her.
1278 1041 1386 1081 quae
1429 1027 1474 1067 in
1525 1042 1656 1068 unum
1706 1040 1963 1081 congregare

445 1113 598 1154 operae
629 1099 813 1152 pretium
848 1101 912 1139 est
944 1113 1026 1152 quo
1066 1099 1203 1153 magis
1239 1099 1348 1139 ratio
1390 1098 1671 1152 grammatica
1703 1112 1787 1151 qua
1818 1100 1963 1138 utatur

446 1170 629 1224 scriptor
667 1170 865 1225 cognosci
904 1169 1054 1223 possit.
1117 1170 1259 1224 Atque
1298 1169 1341 1209 in
1379 1169 1534 1210 litteris
1573 1169 1742 1223 quidem
1788 1169 1965 1224 agnouit

444 1242 656 1282 uocalium
681 1241 891 1282 familiam
916 1239 979 1282 IV
1004 1241 1152 1294 1218,
1179 1255 1284 1294 quas
1306 1240 1373 1291 21,
1388 1240 1444 1281 29
1471 1240 1516 1280 in
1543 1240 1781 1294 complures
1807 1241 1963 1281 classes

445 1312 614 1353 diuidit:
657 1312 886 1367 productas
933 1319 956 1352 a
990 1319 1012 1351 e
1047 1320 1070 1352 ὃ
1104 1319 1147 1365 ᾖ,
1196 1312 1345 1352 breues
1386 1313 1410 1351 a
1443 1313 1464 1352 ὅ
1500 1313 1524 1352 ὅ
1558 1313 1605 1366 ᾖ,
1650 1311 1722 1352 secl
1765 1312 1826 1352 ita
1870 1314 1917 1352 ut
1951 1311 1965 1351 i

445 1383 633 1424 litteram
679 1386 926 1438 segregaret
964 1398 988 1423 a
1026 1383 1198 1437 reliquis
1244 1382 1453 1423 Lucilium
1499 1386 1666 1423 secutus
1713 1397 1796 1436 qua
1834 1382 1883 1423 de
1921 1397 1966 1422 re

446 1454 610 1508 egimus
637 1454 683 1495 in
708 1455 928 1509 prooemio
956 1453 1353 1508 Gryphiswaldensi
1381 1469 1417 1496 a.
1439 1454 1548 1495 1891
1578 1469 1617 1507 p.
1638 1453 1776 1495 XVII.
1819 1452 1964 1508 Neque

445 1526 555 1566 enim
596 1525 742 1566 eadem
783 1541 866 1580 qua
904 1525 1094 1579 reliquae
1134 1526 1299 1567 ratione
1338 1526 1351 1565 i
1390 1525 1533 1566 littera
1571 1525 1885 1578 producebatur
1922 1525 1965 1565 in

444 1597 812 1650 pronuntiatione,
851 1597 924 1638 sed
964 1596 1232 1651 diphthongo
1275 1593 1455 1638 similior
1492 1597 1640 1638 fiebat:
1686 1595 1795 1638 conf.
1828 1596 1964 1638 Plaut.

445 1667 613 1709 Trucul.
646 1668 730 1708 262
765 1667 849 1709 Cic.
888 1668 937 1709 cle
977 1682 1036 1709 or.
1067 1667 1131 1709 ΠΙ
1169 1669 1328 1721 12,46.
1392 1667 1529 1716 Quare
1572 1668 1586 1708 i
1630 1668 1837 1721 producta
1879 1682 1965 1709 non

445 1739 574 1793 longa
602 1738 755 1780 dicitur
787 1739 858 1780 sed
893 1742 966 1780 aut
996 1739 1125 1793 plena
1158 1743 1231 1780 aut
1265 1740 1408 1793 opima
1439 1742 1512 1780 aut
1544 1739 1716 1793 pinguis
1744 1738 1854 1793 apud
1880 1737 1961 1779 Lu-

445 1810 592 1851 cilium
630 1810 740 1851 libro
778 1810 838 1851 IX
871 1811 967 1851 323.
1001 1810 1128 1851 327L
1167 1809 1251 1851 Cic.
1286 1826 1343 1852 or.
1382 1812 1451 1863 47,
1476 1810 1554 1851 157
1595 1811 1796 1865 uarieque
1836 1825 1963 1852 sonus

444 1882 514 1922 ille
547 1884 589 1922 et
621 1880 1055 1935 pronuntiabatur‘et
1081 1882 1347 1923 scribebatur
1372 1882 1516 1936 uulgo,
1549 1897 1643 1923 cum
1670 1882 1741 1923 alii
1769 1883 1806 1923 ci
1831 1882 1907 1922 alii
1941 1882 1964 1934 i,

445 1953 562 1993 aliie
587 1967 746 2007 ponere
778 1953 972 1994 mallent:
1007 1968 1078 1994 eos
1112 1953 1184 2008 qui
1211 1968 1232 1994 e
1258 1953 1600 2007 pronuntiabant
1632 1954 1709 1994 late
1742 1956 1783 1994 et
1815 1951 1962 1994 Cicero

445 2024 631 2077 castigat
663 2024 712 2065 de
745 2038 802 2065 or.
828 2024 854 2065 1.
882 2039 912 2066 s,
941 2027 983 2065 et
1009 2024 1215 2065 Laberius
1249 2025 1415 2066 uidetur
1446 2025 1592 2067 risisse
1624 2025 1667 2064 in
1699 2024 1830 2064 mimo
1857 2022 1964 2064 Late

445 2096 666 2149 loquentes
705 2096 923 2150 inscripto.
984 2095 1146 2137 Rursus
1180 2098 1199 2135 ἶ
1237 2096 1381 2138 littera
1419 2111 1503 2137 non
1542 2096 1683 2137 breuis
1722 2095 1964 2149 appellatur

446 2181 470 2206 a
501 2165 664 2208 Lucilio
696 2168 721 2207 l.
755 2182 785 2209 s,
818 2167 915 2208 322.
950 2166 1046 2208 325.
1079 2167 1165 2208 326
1199 2167 1271 2208 sed
1310 2168 1455 2209 tenuis:
1497 2182 1625 2221 quare
1659 2166 1711 2207 ad
1743 2166 1842 2207 Her.
1873 2166 1898 2206 l.
1933 2180 1963 2205 s.

445 2252 493 2277 ex
527 2239 563 2279 ei
594 2238 720 2291 plena
752 2238 826 2278 illa
857 2239 996 2279 tenuis
1038 2238 1086 2279 fit
1120 2253 1206 2279 non
1244 2239 1530 2293 correptione,
1570 2238 1641 2279 sed
1680 2237 1963 2279 adtenuatione

444 2312 518 2349 (σαί
559 2309 817 2361 complexione
860 2324 943 2363 quo
987 2310 1196 2351 uocabulo
1242 2310 1442 2351 similiter
1487 2308 1776 2358 Quintilianus
1827 2308 1962 2349 utitur

445 2378 543 2433 15,
578 2381 629 2420 17
681 2380 723 2420 in
776 2379 1043 2435 diphthongo
1094 2382 1425 2434 μονοφθόγγως
1479 2381 1772 2435 pronuntiata.
1846 2380 1962 2428 Quae

447 2450 642 2503 exempla
675 2450 857 2491 istarum
890 2450 903 2490 i
930 2451 1099 2492 litterae
1134 2452 1422 2492 mutationum
1455 2452 1600 2506 posuit
1632 2451 1830 2506 scriptor:
1864 2450 1962 2491 ‘Hic

445 2520 514 2573 qui
561 2535 604 2561 se
651 2521 873 2576 magnifice
924 2521 1058 2562 iactat
1108 2525 1233 2576 atque
1279 2525 1485 2576 ostentat,
1533 2525 1648 2563 uenit
1693 2524 1789 2563 ante
1834 2537 1961 2577 quam

445 2590 626 2632 Romam
672 2595 799 2633 uenit.
862 2592 919 2633 Et
963 2608 1012 2634 ex
1059 2594 1289 2636 contrario:
1336 2594 1436 2645 Hic,
1481 2608 1587 2648 quos
1629 2594 1824 2635 homines
1869 2593 1962 2634 alea

446 2663 597 2717 uincit,
642 2678 713 2704 eos
758 2664 870 2705 ferro
911 2664 1057 2706 statim
1102 2665 1260 2708 uincit'
1300 2665 1536 2720 inquibus
1583 2668 1810 2718 utrumque
1854 2664 1961 2705 illud

444 2735 557 2775 uenit
594 2737 637 2775 et
674 2735 804 2776 uincit
843 2735 894 2776 ad
933 2736 1121 2777 litteram
1161 2738 1343 2778 alterum
1383 2737 1508 2778 alteri
1546 2752 1624 2791 par
1663 2750 1753 2778 esse
1791 2749 1962 2776 necesse

446 2808 524 2856 est,
564 2819 613 2846 ea
651 2806 702 2846 ad
740 2806 966 2847 historiam
998 2808 1170 2863 linguae
1207 2807 1385 2850 Latinae
1419 2809 1576 2850 summi
1608 2809 1719 2850 certe
1753 2807 1958 2849 momenti

447 2878 556 2917 sunt.
615 2875 681 2915 Ex
721 2877 874 2930 quibus
913 2878 994 2919 hoc
1032 2879 1233 2935 efficitur,
1272 2895 1343 2922 eos
1383 2894 1549 2934 quoque
1586 2879 1658 2933 qui
1696 2879 1709 2919 i
1741 2879 1961 2932 ponebant

446 2945 489 2986 in
510 2946 523 2986 i
545 2947 674 3001 longa
696 2949 922 3003 exaranda,
947 2952 1092 2991 tamen
1114 2965 1204 2992 eam
1233 2951 1533 3006 pronuntiasse
1560 2953 1607 2991 ut
1632 2949 1960 3005 diphthongum,
