2003 3116
711 117 1082 151 PROLEGOMENA.
1585 116 1668 157 175

147 224 478 266 ratiocinatione
530 224 821 266 controuersia
865 227 1054 275 constat,
1105 239 1198 266 cum
1247 241 1314 267 res
1360 226 1450 267 sine
1494 226 1670 280 propria

148 296 242 350 lege
281 296 398 337 uenit
439 296 483 337 in
521 296 741 349 iudicium,
780 309 886 350 quae
925 298 1070 336 tamen
1113 297 1165 337 ab
1209 297 1304 338 aliis
1347 297 1514 351 legibus
1553 297 1669 338 simi-

147 366 327 407 litudine
355 367 537 421 quadam
577 364 846 421 aucupatur'‚
878 366 953 407 ubi
985 370 1217 420 aucupatur
1243 370 1286 408 et
1317 368 1454 422 lepide
1489 371 1531 409 et
1562 368 1669 409 bene

147 437 306 478 dictum
335 452 426 478 esse
466 437 726 479 arbitramur
762 451 839 492 pro
867 444 1099 479 σκοπεῖται.
1142 462 1191 467 —
1233 437 1281 478 In
1327 439 1552 480 uerborum
1600 439 1670 480 de-

149 508 275 562 nique
313 508 634 550 constructione
673 509 808 549 multa
845 522 940 549 cum
979 508 1183 549 admirari
1215 508 1341 550 liceat
1377 510 1485 551 mira
1518 513 1560 551 et
1586 510 1669 551 sin-

149 579 334 634 gularia,
377 594 456 621 nos
486 579 528 620 in
569 578 658 620 dies
698 579 890 634 singulos
929 579 1066 634 magis
1107 579 1330 621 didicimus
1371 581 1527 622 tradita
1560 581 1669 622 anti-

148 650 292 705 quitus
332 664 584 691 conseruare
622 653 664 690 et
702 650 972 705 grauioribus
1011 650 1224 691 abstinere
1264 653 1669 694 commutationibus

148 721 282 762 ueluti
325 721 471 762 mirati
513 720 626 775 quod
667 720 730 762 IV
763 722 882 771 8,ss
924 727 970 762 M
1003 721 1155 762 habuit
1197 721 1325 776 ‘quae
1367 722 1568 777 cuiusque
1610 723 1670 764 rei

149 794 352 847 poterunt
395 792 673 834 ornatissima
717 792 850 832 uerba
892 792 1085 846 reperiri,
1129 793 1216 833 siue
1261 794 1434 847 propria
1474 794 1563 834 siue
1606 809 1670 835 ex-

146 866 314 917 tranea,
349 878 477 904 unam
505 877 716 917 quamque
749 877 839 903 rem
872 862 1346 918 adcommodabuntur',
1380 878 1478 904 mox
1510 864 1670 904 adcom-

145 935 307 976 modari
351 933 619 975 antecedenti
671 934 916 975 accusatiuo
966 934 1156 975 iunctum
1212 935 1380 988 saepius
1426 934 1667 975 inuenimus

146 1005 192 1046 in
222 1011 268 1046 M
300 1005 507 1047 extitisse.
570 1004 652 1054 Qui
687 1005 752 1059 16,
773 1005 829 1046 24
868 1008 977 1046 teste
1014 1004 1057 1046 H
1095 1005 1248 1046 habuit
1286 1005 1484 1046 similiter
1528 1004 1670 1046 ‘Haec

148 1078 369 1118 exornatio
414 1091 654 1118 sermonem
712 1076 987 1117 uehementer
1038 1076 1334 1118 acommodata
1385 1075 1490 1129 est’,
1545 1076 1587 1129 7,
1617 1076 1671 1116 10

147 1146 359 1202 ‘exempla
396 1150 484 1188 tam
513 1162 604 1189 esse
639 1150 773 1188 artem
814 1147 1183 1203 adcommodata'‚
1223 1148 1292 1188 ubi
1332 1146 1468 1188 PBH
1507 1147 1669 1188 habent

147 1217 540 1260 ‘adcommodatam
592 1218 768 1272 artem',
822 1219 979 1272 12,17
1021 1218 1132 1260 ‘cum
1189 1220 1232 1260 in
1282 1219 1424 1259 uerbis
1475 1217 1668 1273 pluribus

146 1304 412 1344 consequens
450 1290 629 1331 uerbum
670 1290 863 1344 superius
909 1304 994 1331 non
1033 1289 1421 1344 adcommoclamr’,
1458 1290 1530 1330 ubi
1567 1303 1669 1330 com-

144 1362 286 1402 modat
333 1374 405 1403 ars
453 1361 596 1402 fuerat
646 1361 688 1402 in
741 1366 804 1414 M,
854 1360 996 1415 1118,
1026 1361 1079 1402 15
1133 1360 1405 1402 ‘inuentione
1455 1360 1671 1415 perpolita

146 1436 273 1486 atque
307 1430 387 1488 (ita
420 1430 640 1486 PJHBb13
674 1433 772 1486 adq:
807 1430 859 1472 P2
893 1432 944 1472 ad
978 1447 1058 1486 que
1092 1430 1152 1487 H)
1192 1446 1315 1473 omne
1349 1446 1500 1473 causae
1534 1445 1668 1485 genus

149 1501 221 1559 (ad
248 1517 382 1558 genus
409 1502 474 1558 bl)
507 1501 864 1545 adcommodata?
922 1503 1084 1552 Quibus
1112 1504 1216 1544 locis
1250 1502 1449 1544 omnibus
1482 1503 1525 1543 in
1552 1502 1671 1543 codd.

146 1575 416 1629 interpolatis
438 1578 513 1615 aut
539 1574 879 1630 praepositiones
906 1574 1184 1615 inueniuntur
1210 1574 1379 1615 additae
1402 1576 1476 1614 aut
1497 1573 1669 1615 datiuus

146 1645 314 1700 positus
346 1661 424 1700 pro
458 1646 702 1687 accusatiuo
737 1660 917 1700 quorum
951 1645 1157 1686 lectiones
1191 1660 1270 1686 nos
1311 1660 1359 1686 eo
1400 1645 1540 1685 minus
1573 1659 1669 1698 pro-

148 1717 346 1758 babimus
386 1717 497 1772 quod
538 1720 580 1758 et
611 1716 764 1758 horum
798 1717 1119 1758 enuntiatorum
1153 1717 1345 1757 omnium
1378 1716 1416 1756 id
1453 1715 1670 1770 proprium

146 1802 238 1828 esse
271 1788 476 1839 uidemus,
509 1788 620 1843 quod
655 1788 831 1829 uerbum
868 1788 1005 1829 forma
1037 1788 1211 1842 passiua
1247 1789 1384 1828 exstet
1416 1790 1668 1841 usurpatum

143 1859 389 1913 praeposito
424 1859 672 1901 accusatiuo
710 1874 787 1900 nec
826 1859 965 1914 magis
1004 1860 1087 1900 ista
1129 1859 1388 1900 constructio
1428 1859 1485 1899 sit
1524 1858 1670 1912 singu-

146 1930 248 1971 laris
282 1934 324 1971 et
356 1945 480 1984 noua,
507 1945 633 1985 quam
662 1930 776 1986 quod
802 1929 948 1984 Nepos
977 1930 1084 1971 dixit
1117 1930 1246 1985 ‘quae
1274 1944 1391 1970 mare
1421 1929 1528 1970 illud
1557 1929 1668 1969 adia—

144 2000 263 2042 cent'
301 2001 409 2043 XIII
443 2002 488 2055 2,
520 2004 555 2044 1.
629 2001 694 2043 Ne
732 2002 842 2042 hanc
887 2001 1056 2056 quidem
1100 2001 1327 2043 lectionem
1370 2000 1459 2042 cod.
1490 2006 1536 2040 M
1579 1999 1671 2040 ausi

146 2086 293 2113 sumus
328 2073 581 2114 conturbare
620 2087 728 2127 quae
767 2075 887 2114 extat
924 2071 990 2113 III
1019 2073 1061 2123 7,
1085 2073 1139 2113 14
1177 2071 1234 2112 ‘si
1275 2074 1397 2112 erunt
1436 2071 1539 2112 haec
1579 2084 1668 2110 cor-

145 2144 260 2197 poris
294 2143 532 2197 commoda,
565 2143 614 2184 de
648 2143 715 2184 his
749 2158 872 2184 usum
905 2143 1105 2196 dicemus,
1137 2157 1245 2197 quae
1279 2157 1379 2183 casu
1419 2145 1461 2182 et
1497 2141 1671 2182 fortuna

145 2218 366 2269 tamquam
400 2214 582 2269 quilibet
622 2214 837 2269 gladiator
875 2212 1094 2255 habuerit’
1132 2213 1208 2254 ubi
1245 2229 1321 2268 pro
1360 2214 1407 2254 de
1442 2219 1477 2253 Ε
1516 2212 1671 2253 habuit

152 2285 269 2327 male.
342 2285 492 2339 Itaque
538 2300 629 2327 cum
676 2284 821 2339 Nepos
866 2284 1175 2339 Χ1711111,3Ι
1215 2284 1368 2325 dixerit
1407 2283 1476 2325 eut
1510 2282 1569 2324 sic
1602 2283 1671 2324 de-

156 2359 349 2397 uteretur
369 2356 518 2410 uicto',
543 2356 710 2398 Ennius
732 2356 804 2397 ‘de
825 2371 892 2397 me
918 2354 1151 2409 hortatur'‚
1177 2355 1366 2397 Lucilius
1391 2357 1521 2410 poeta
1550 2353 1672 2396 econ—

153 2442 234 2482 que
266 2428 556 2469 tubernalem'
590 2432 633 2470 et
666 2427 820 2482 ‘deque
859 2427 1039 2481 dicata',
1078 2426 1234 2481 ‘deque
1273 2426 1456 2481 petigo'‚
1494 2426 1671 2466 Plautus

152 2498 322 2553 ‘disque
367 2498 590 2539 tulissent'
635 2498 748 2539 Trin.
782 2499 880 2552 833,
925 2497 1073 2552 esuper
1115 2499 1181 2539 1111
1226 2496 1377 2539 fuerit'
1447 2495 1567 2537 Cure.
1603 2497 1671 2547 85,

153 2568 260 2611 Cato
293 2569 343 2610 de
376 2569 503 2624 agric.
543 2569 645 2623 157,
671 2569 697 2610 9
742 2568 878 2610 ‘ferue
920 2569 1026 2609 bene
1070 2568 1233 2622 facito',
1275 2567 1413 2608 Varro
1458 2582 1535 2608 rer.
1568 2569 1671 2608 rust.

152 2641 172 2682 Ι
192 2641 231 2696 9,
252 2642 277 2682 2
311 2639 527 2694 ‘perferue
547 2639 609 2681 ita
628 2638 712 2694 fit',
731 2638 794 2680 III
813 2640 853 2693 4,
877 2641 897 2680 1
928 2638 1135 2680 ‘exeande
1156 2653 1222 2679 me
1242 2637 1466 2691 fecerunt'‚
1498 2637 1541 2678 II
1562 2638 1600 2690 9,
1618 2639 1670 2678 13

152 2711 328 2753 econsue
355 2725 522 2766 quoque
549 2710 734 2752 faciunt'
768 2710 861 2751 ausi
888 2710 975 2751 sint
993 2724 1164 2764 ponere,
1198 2724 1276 2765 ego
1303 2710 1377 2750 illo
1398 2709 1491 2750 loco
1513 2722 1671 2767 nouum

154 2783 366 2837 quendam
387 2796 511 2823 usum
533 2781 752 2836 scriptoris
781 2780 832 2822 ad
859 2780 960 2822 Her.
982 2781 1114 2822 malui
1142 2783 1328 2822 statuere
1356 2783 1526 2822 seruata
1553 2780 1673 2822 codd.

153 2855 365 2908 scriptura
385 2868 511 2908 quam
533 2853 844 2895 mutationibus
865 2867 1015 2907 parum
1043 2852 1336 2906 probabilibus
1359 2851 1594 2907 indulgere.

1044 2914 1067 2929 .
