2003 3116
710 122 1077 156 PROLEGOMENA.
1580 118 1661 159 167

147 230 338 272 Manliae
370 231 544 273 Nemeni
575 232 779 286 scriptum
814 231 870 272 sit
902 245 978 285 pro
1016 229 1201 272 Manliae
1233 228 1436 272 M‘nemae.
1500 228 1562 269 De
1595 241 1663 283 ge-

147 299 380 343 minatione
424 302 746 344 semiuocalium
792 317 920 357 supra
965 301 1129 356 egimus
1174 317 1211 355 p.
1240 301 1312 342 30:
1357 300 1438 341 hoc
1481 299 1574 340 loco
1619 299 1661 340 id

146 371 382 413 addendum
414 373 594 428 uidetur,
627 372 738 428 quod
768 371 831 414 IV
858 372 896 425 5,
918 373 955 414 7.
991 372 1057 424 13,
1080 372 1132 413 19
1164 377 1210 412 M
1240 371 1392 412 habuit
1424 370 1558 412 Zellius
1583 383 1660 424 pro

145 442 290 485 laelius
332 444 374 485 id
417 444 568 498 propie
613 458 705 485 esse
750 443 954 484 Afrorum
1000 443 1151 483 uitium
1190 456 1315 496 quem
1352 441 1660 482 labdacismum

146 514 338 568 appellat
369 514 597 568 Pompeius
624 513 697 555 GL
733 513 769 555 V
796 514 893 564 287,
913 513 940 555 5
972 513 1069 554 Isid.
1092 513 1186 568 orig
1211 512 1231 553 I
1258 513 1326 566 31,
1347 513 1371 554 8
1400 514 1440 553 et
1472 512 1658 553 tribuen-

145 584 244 625 dum
276 585 317 625 id
357 599 449 626 esse
491 584 667 626 librario
709 584 773 625 illi
812 583 959 625 Africo
999 584 1070 638 qui
1109 597 1220 624 anno
1259 583 1346 623 fere
1379 583 1465 624 350
1503 583 1659 624 librum

142 654 308 696 inuenit
347 658 390 696 et
425 655 751 710 propagandum
797 655 982 696 curauit:
1029 654 1136 696 conf.
1166 669 1296 708 supra
1332 668 1372 707 p.
1398 655 1436 695 4.
1500 654 1659 703 Quodsi

141 724 466 779 inscriptionem
498 729 692 781 tempore
717 725 876 768 Iuliani
900 724 1170 780 imperatoris
1195 725 1237 765 in
1266 724 1412 765 Africa
1440 728 1657 766 exaratam

140 795 183 836 in
215 794 391 838 Brunsii
423 796 614 839 fontibus
640 797 745 838 iuris
772 795 914 839 Rom.⁵
938 812 978 851 p.
998 797 1083 839 238
1110 795 1479 850 perlustrabimUS,
1512 796 1656 836 eadem

105 860 219 907 ‘nos
258 867 366 908 uitia
408 868 674 910 inueniemus
720 883 826 923 quae
870 868 913 909 in
957 875 1003 910 M
1046 867 1176 908 fuisse
1221 866 1253 907 P
1297 868 1481 908 testatur
1525 866 1657 907 ueluti

140 940 185 979 at
215 971 222 979 .
251 972 258 979 .
287 972 294 980 .
328 940 565 981 memoriam
610 939 740 995 (conf.
780 954 909 994 supra
960 955 999 993 p.
1030 936 1150 994 166),
1192 938 1396 991 praetium
1441 936 1479 992 (I
1510 938 1580 992 12,
1601 938 1657 978 20

136 1008 179 1049 ΙΙ
207 1010 244 1062 7,
266 1010 317 1051 11
352 1008 411 1051 ΙΙΙ
440 1011 478 1061 3,
498 1012 543 1063 4)
575 1011 717 1052 tritticc'
748 1009 830 1066 <IV
858 1011 895 1064 6,
916 1008 974 1067 9).

255 1080 305 1121 In
350 1096 545 1123 sermone
591 1082 813 1136 scriptoris
859 1081 1081 1123 tractando
1126 1081 1233 1122 illud
1285 1095 1458 1121 monere
1500 1080 1653 1121 iterum
1694 1109 1753 1126 s„
1792 1110 1852 1127 ΟΠΞ
1879 1110 1905 1127 a.

134 1151 254 1192 iuuat
286 1153 396 1207 quod
430 1167 559 1208 supra
589 1168 628 1208 p.
658 1153 740 1195 129
766 1153 1025 1195 rhetoricam
1061 1153 1113 1194 ad
1139 1152 1239 1194 Her.
1266 1155 1440 1207 togatae
1474 1152 1654 1192 similem

136 1221 336 1265 diximus:
370 1239 467 1265 nam
500 1225 706 1266 nonnulla
733 1224 865 1265 ueluti
891 1238 968 1277 quo
994 1225 1128 1278 setius,
1161 1223 1379 1276 conquisito
1405 1222 1654 1263 aduerbium

134 1294 377 1335 communia
420 1294 482 1336 illi
527 1298 627 1336 sunt
678 1309 772 1336 cum
826 1295 917 1337 solo
971 1294 1150 1335 Afranio
1205 1293 1275 1348 (ad
1323 1294 1419 1336 Her.
1452 1293 1471 1334 Ι
1502 1294 1572 1347 12,
1597 1294 1650 1336 21

133 1363 198 1405 ΙΙΙ
221 1365 287 1419 17,
308 1365 364 1407 30
395 1365 458 1406 IV
479 1366 516 1421 3,
537 1367 564 1407 4
596 1365 639 1407 ΙΙ
661 1367 729 1418 31,
751 1366 819 1410 50.
851 1366 998 1408 Afran.
1023 1366 1120 1407 291.
1152 1363 1269 1422 259).
1323 1365 1419 1406 Alia
1446 1366 1577 1407 uerba
1604 1380 1653 1406 ex

131 1434 284 1477 Plauto
319 1437 551 1491 sumpsisse
584 1437 754 1480 uidetur
786 1437 903 1479 solus
936 1437 1071 1479 ueluti
1101 1437 1363 1479 conducibilis
1397 1435 1652 1478 uocabulum

130 1505 173 1547 II
207 1507 353 1561 14,21
394 1523 444 1550 ex
488 1508 728 1550 Trinummi
771 1508 915 1563 initio,
970 1508 1159 1562 plurales
1205 1508 1450 1561 industriae,
1496 1508 1653 1561 {floriac

130 1576 196 1618 III
223 1579 260 1632 7,
283 1579 337 1620 14
363 1579 507 1620 Plauti
527 1580 739 1634 imprimis
761 1579 959 1634 propriae
988 1581 1087 1620 sunt
1113 1577 1320 1633 (Mostell.
1341 1579 1426 1621 348
1459 1578 1547 1620 Mil.
1563 1577 1651 1635 22),

130 1649 324 1690 iubatum
359 1650 585 1692 draconem
620 1649 683 1691 IV
709 1651 778 1704 49,
800 1651 856 1691 62
895 1664 945 1691 ex
984 1649 1200 1703 Amphitr.
1224 1650 1334 1691 1108
1370 1648 1651 1691 Demostheni

128 1720 286 1774 intulit,
308 1721 410 1762 illud
434 1723 862 1775 perseoacutissimum
882 1722 1197 1763 inimicitiarum
1232 1720 1275 1761 Π
1298 1721 1367 1773 19,
1388 1722 1443 1762 29
1466 1722 1650 1775 sumpsit

128 1806 177 1833 ex
217 1790 359 1833 Oasin.
392 1793 490 1847 159,
538 1796 761 1847 praetcrea
806 1793 890 1834 alia
934 1793 1067 1833 ueluti
1112 1806 1327 1846 eoeazcyere,
1372 1793 1649 1846 maynifeeczre,

128 1862 272 1918 qualia
317 1864 424 1905 satis
469 1864 696 1919 diligenter
741 1863 917 1919 collegit
960 1864 1269 1905 Tliielmannus
1308 1864 1333 1906 1.
1362 1879 1391 1905 s.
1415 1879 1445 1905 s.
1485 1864 1647 1905 comico

126 1933 191 1974 illi
230 1933 356 1976 debet
394 1935 467 1990 qui
511 1936 701 1977 omnium
742 1950 932 1976 summus
970 1935 1240 1977 indicabatur
1276 1935 1320 1976 in
1360 1935 1647 1990 sermonibus3

125 2005 312 2060 sumpsit
348 2007 520 2048 enodare
557 2006 600 2047 ΙΙ
630 2007 693 2057 10,
718 2006 771 2048 15
810 2020 860 2047 ex
898 2006 1092 2061 tragicis,
1129 2006 1430 2059 colloc‘ztpletm·e
1469 2007 1644 2047 uerbum

124 2090 174 2116 ex
207 2075 377 2118 Terent.
399 2077 553 2119 Heaut.
575 2077 659 2119 258
682 2074 756 2134 (ad
778 2076 877 2119 Her.
898 2076 940 2117 Π
965 2077 1030 2128 18,
1052 2078 1117 2118 28.
1158 2077 1225 2131 29,
1246 2076 1334 2132 46),
1365 2077 1462 2119 urbs
1498 2078 1646 2130 confla-

121 2150 245 2200 gymta
270 2146 333 2188 IV
362 2149 399 2198 8,
423 2149 475 2189 12
509 2149 683 2203 scripsit
711 2148 837 2189 sicuti
863 2147 1027 2189 Ennius
1051 2149 1157 2200 fana
1189 2149 1415 2203 deflagrata
1447 2148 1556 2189 TRF
1578 2150 1644 2191 79.

128 2217 245 2258 Inter
291 2219 500 2272 pedestris
547 2219 754 2261 sermonis
806 2221 952 2260 tamen
1002 2220 1232 2274 scriptores
1273 2220 1450 2275 propior
1494 2223 1559 2262 est
1603 2224 1645 2262 et

125 2288 305 2331 similior
336 2289 496 2344 Nepoti
527 2289 650 2332 Liuio
685 2289 892 2332 Sallustio
924 2290 1112 2333 Varroni
1152 2306 1278 2346 quam
1312 2291 1527 2333 Ciceroni:
1564 2307 1642 2334 nos

120 2359 316 2413 inprimis
349 2360 495 2416 Nepos
529 2360 676 2403 Gallus
711 2377 817 2416 quae
850 2363 1095 2404 communia
1126 2362 1285 2404 habeat
1317 2377 1411 2404 cum
1445 2363 1521 2405 illo
1555 2366 1641 2405 stu-

122 2430 238 2472 diose
278 2431 358 2473 hoc
390 2433 482 2474 loco
515 2433 762 2487 putauimus
793 2433 1079 2474 indicandum.

240 2501 357 2550 Quae
402 2517 531 2557 supra
574 2519 614 2558 p.
643 2504 829 2560 Ssspseqq.
868 2504 919 2545 de
959 2518 1152 2546 sermone
1192 2506 1410 2559 scriptoris
1450 2507 1640 2560 exposui,

120 2572 201 2614 hoc
242 2572 335 2614 loco
378 2574 495 2615 nolui
537 2574 675 2616 denuo
718 2577 917 2616 tractare.
984 2574 1141 2616 Totam
1178 2575 1297 2617 illam
1338 2577 1388 2617 de
1426 2576 1641 2618 rhetorica

119 2643 353 2685 doctrinam
381 2659 432 2685 ex
458 2643 621 2687 Graeco
648 2646 903 2686 translatam
930 2659 1022 2687 esse
1049 2646 1176 2687 etiam
1204 2661 1254 2687 ex
1281 2662 1476 2688 sermone
1496 2650 1640 2702 potest

119 2713 328 2770 intellegi.
404 2715 549 2756 Veluti
600 2716 745 2765 δεινός
801 2715 1061 2758 Graecorum
1116 2717 1248 2758 uertit
1303 2718 1377 2758 ille
1429 2718 1637 2760 uocabulo

120 2788 256 2826 atrox:
289 2785 398 2828 conf.
420 2786 563 2828 adnot.
590 2786 642 2827 ad
673 2785 736 2828 IV
756 2787 823 2841 30,
844 2788 912 2828 41.
976 2786 1068 2836 Qua
1100 2787 1265 2829 ratione
1298 2791 1341 2829 et
1372 2788 1476 2830 illud
1509 2803 1635 2831 enun-

117 2856 275 2898 tiatum
306 2855 368 2898 IV
391 2857 474 2912 1,2
508 2856 575 2899 ‘Id
610 2858 720 2899 enim
761 2857 874 2912 quod
913 2858 1183 2900 admonuerit
1221 2861 1262 2900 et
1300 2860 1452 2900 leuiter
1488 2860 1637 2902 fecerit
