2003 3116
639 177 1006 211 PROLEGOMENA.
1530 171 1585 212 35

68 287 252 341 scriptus
286 300 393 328 saec,
425 286 509 328 XII
542 287 609 328 uel
641 286 748 329 XIII
786 285 945 327 litteris
985 284 1176 339 paruulis
1210 283 1314 324 satis
1348 280 1587 336 diligenter,

67 357 305 412 descriptus
349 372 373 399 a
412 356 583 400 Simone
621 359 646 400 l.
680 373 712 400 s.
744 372 783 412 p.
812 358 877 399 17.
943 355 1123 398 Constat
1166 354 1282 396 foliis
1319 353 1395 405 44,
1439 366 1587 393 uersus

67 427 200 469 habet
236 443 321 470 una
360 443 527 484 quaque
565 429 726 484 pagina
757 429 826 470 44.
883 425 1086 470 Continet
1123 425 1256 468 libros
1293 425 1342 466 de
1375 423 1460 465 inu.
1491 422 1588 464 inde

68 498 121 540 ab
154 498 174 539 I
206 499 281 553 33,
307 499 364 541 55
396 499 467 542 fol.
499 502 566 541 1r.
587 524 644 529 —
668 500 720 541 19
741 515 790 553 r.,
829 498 881 539 ad
913 497 1012 539 Her.
1044 496 1120 538 fol.
1148 496 1200 538 19
1224 511 1260 537 u.
1286 520 1335 525 -
1357 496 1415 537 44
1429 509 1479 536 r.:
1516 493 1588 535 fol.

67 569 125 611 44
144 585 183 611 u.
214 570 323 611 nihil
354 570 486 612 habet
518 570 759 611 litterarum
792 569 875 609 nisi
907 568 1058 610 uerba:
1093 567 1157 609 hio
1189 567 1288 609 liber
1319 566 1591 620 bamba-qemi

67 642 251 683 armario
283 641 528 683 cathedralis
559 641 742 683 ecelesiae
773 643 832 682 est
860 640 1140 681 restituendus.
1186 638 1499 679 Adnotationes
1531 638 1588 678 lo-

70 726 217 754 corum
249 712 293 753 in
327 712 538 766 scriptura
571 712 774 753 continua
806 710 1065 752 omissorum
1090 709 1134 749 in
1160 708 1354 763 margine
1383 708 1589 750 exteriore

67 783 228 837 passim
273 782 515 837 adscriptae
556 796 882 836 nonnumquam
921 781 1057 823 cultro
1098 779 1374 835 glutinatoris
1418 779 1590 820 circum-

68 854 179 895 cisae
218 856 260 895 et
298 853 523 895 mutilatae
563 855 673 894 sunt.
731 851 931 895 Codicem
970 851 1014 892 in
1056 850 1208 893 Orellii
1246 865 1366 891 usum
1412 849 1590 890 contulit

67 924 362 967 HJJaeokius:
394 924 503 966 conf.
531 924 628 967 edit.
655 924 792 965 Turic.
822 940 856 965 a.
885 924 998 965 1845
1023 938 1062 977 p.
1083 921 1134 963 V.
1176 922 1366 975 Kaysero
1399 921 1469 975 qui
1497 935 1589 961 611111

68 996 222 1037 iterum
255 996 438 1038 contulit
463 998 528 1037 est
553 996 580 1036 b
609 995 737 1037 sicuti
762 994 904 1036 nobis:
938 993 1098 1035 Orellio
1128 992 1175 1034 B.
1227 990 1426 1033 Codicem
1454 991 1590 1032 denuo

69 1067 330 1109 contulimus
367 1067 465 1122 quia
496 1066 680 1121 Kayseri
720 1065 941 1107 collationi
980 1063 1291 1106 diffidebamus.
1353 1061 1464 1103 Nam
1503 1061 1592 1102 eius

70 1138 423 1180 adnotationibus
467 1137 631 1180 inducti
677 1137 766 1179 cod.
810 1136 995 1177 eiusdem
1043 1134 1196 1176 aetatis
1228 1133 1592 1188 Bambergensem

69 1210 156 1252 423
190 1209 235 1251 M
261 1209 299 1251 V
327 1210 352 1251 9
387 1209 438 1250 de
472 1223 554 1264 quo
588 1207 698 1251 conf.
731 1206 1006 1249 HJJaeckius
1042 1205 1341 1260 Vollstiindige
1375 1203 1592 1245 Beschrei-

73 1281 193 1336 hung
225 1280 298 1322 der
329 1280 579 1322 Bibliothek
612 1295 663 1321 zu
692 1277 954 1332 BambergI
987 1293 1026 1332 p.
1048 1277 1104 1319 55
1138 1276 1208 1331 qui
1241 1276 1431 1318 continet
1463 1275 1593 1316 libros

68 1352 119 1393 de
162 1353 249 1394 inu.
293 1354 335 1393 et
380 1352 432 1392 ad
476 1351 577 1393 Her.
621 1351 778 1392 librum
822 1349 884 1391 IV
922 1349 1018 1390 inde
1065 1363 1089 1389 a
1133 1349 1205 1401 22,
1233 1348 1286 1389 31
1334 1346 1593 1389 contulimus

69 1424 287 1478 exemplar
331 1438 380 1464 ex
425 1423 572 1464 eodem
616 1422 849 1476 archetypo
896 1420 1005 1461 unde
1043 1419 1070 1461 b
1110 1419 1348 1473 descriptus
1393 1419 1458 1459 est
1503 1431 1594 1458 esse

69 1495 295 1537 deductum
335 1494 431 1535 rati.
485 1493 565 1536 Sed
605 1495 834 1548 postquam
879 1491 962 1546 ipsi
995 1492 1021 1532 b
1055 1491 1315 1532 contulimus
1349 1504 1440 1531 esse
1472 1489 1593 1530 illuni

69 1565 229 1607 codicis
250 1566 276 1606 b
299 1564 577 1621 apographon
600 1564 887 1605 intelleximus
911 1577 988 1604 nec
1009 1562 1091 1604 loci
1112 1561 1351 1615 singulares
1371 1559 1434 1602 JV
1454 1560 1594 1614 41162

68 1636 143 1678 ubi
180 1639 294 1678 recte
332 1636 464 1677 habet
500 1636 677 1685 cottidie‚·
718 1635 786 1688 39,
813 1635 865 1676 51
908 1634 981 1674 ubi
1019 1648 1096 1687 pro
1135 1632 1285 1685 referre
1322 1631 1434 1686 quod
1466 1631 1595 1672 habet

68 1713 124 1762 M,
156 1708 183 1749 b
217 1708 347 1749 habet
377 1707 530 1759 efferre,
566 1707 636 1748 ille
663 1706 822 1759 erferre,
855 1720 933 1747 nos
966 1704 1227 1746 induxerunt
1259 1706 1307 1744 ut
1338 1702 1596 1745 adhibeatur

71 1778 123 1819 ad
168 1779 459 1820 recensionem
510 1778 769 1819 faciendam:
818 1791 917 1818 nam
962 1777 1004 1817 in
1049 1775 1227 1830 reliquis
1272 1775 1334 1815 nil
1377 1774 1478 1816 noui
1524 1776 1597 1815 aut

71 1864 95 1890 a
127 1850 153 1890 b
187 1849 297 1904 quod
332 1850 547 1891 diuersum
581 1850 638 1891 sit
669 1848 795 1890 nobis
828 1848 972 1902 potuit
1004 1846 1295 1901 suppeditare.

188 1918 235 1976 2)
267 1920 411 1963 Codex
443 1921 665 1963 Leidensis
699 1919 1000 1962 Gronouianus
1034 1918 1091 1960 22
1125 1918 1265 1960 forma
1300 1917 1385 1959 fere
1418 1917 1596 1971 quadra-

70 1995 140 2034 tus
169 1992 353 2046 scriptus
381 2007 488 2034 saec.
515 1992 600 2034 XII
627 1991 786 2033 litteris
819 1990 1011 2046 pulchris
1039 1992 1081 2031 et
1113 1989 1283 2045 magnis
1318 1991 1386 2030 sat
1418 1987 1596 2043 diligen-

70 2066 154 2117 ter,
197 2063 435 2118 descriptus
481 2079 504 2105 a
548 2063 729 2105 JGeelio
775 2062 958 2117 catalog.
1005 2061 1100 2102 libr.
1145 2074 1356 2102 manuscr.
1398 2059 1597 2103 biblioth.

71 2134 492 2190 Lugduno-Batauae
524 2150 562 2189 p.
594 2135 687 2176 127.
743 2132 926 2175 Constat
969 2132 1084 2174 foliis
1128 2133 1229 2186 112,
1273 2145 1422 2172 uersus
1466 2130 1598 2171 habet

72 2221 157 2247 una
195 2219 362 2261 quaque
401 2206 563 2261 pagina
590 2206 657 2248 26.
714 2204 915 2247 Continet
954 2203 1027 2245 fol.
1070 2205 1206 2245 111-
1233 2203 1335 2244 5011.
1374 2202 1508 2243 libros
1548 2201 1598 2241 de

72 2277 176 2332 inu.,
214 2277 286 2318 fol.
320 2277 499 2319 5011-
527 2276 629 2319 5811.
672 2275 907 2317 Alexandri
952 2274 1178 2329 epistolam
1224 2274 1275 2315 ad
1317 2273 1596 2315 Aristotelem

73 2348 124 2390 de
148 2348 399 2404 regionibus
426 2348 588 2403 Indiae,
615 2347 684 2390 fol.
715 2348 812 2389 5912
832 2372 887 2379 »-
910 2348 1044 2389 11211.
1071 2347 1206 2388 libros
1234 2345 1287 2387 ad
1314 2345 1413 2388 Her.
1452 2344 1597 2385 Libra-

72 2420 161 2462 rius
193 2435 299 2475 quae
332 2420 529 2474 expedire
562 2434 650 2461 non
681 2419 824 2474 potuit
857 2422 930 2461 aut
961 2418 1034 2460 ubi
1067 2417 1274 2459 lectiones
1307 2417 1451 2471 plures
1483 2415 1599 2481 inue-

73 2492 139 2532 nit
165 2492 206 2533 in
241 2491 473 2546 archetypo
502 2506 551 2533 ea
578 2491 719 2546 spatio
745 2505 883 2532 uacuo
911 2489 1061 2531 relicto
1093 2488 1286 2543 signauit
1310 2487 1422 2543 quod
1449 2489 1599 2541 postea

73 2565 289 2604 corrector
322 2562 495 2617 quidam
528 2561 674 2603 uerbis
701 2575 751 2602 ex
779 2560 1009 2614 archetypo
1043 2559 1191 2613 petitis
1225 2558 1422 2613 expleuit.
1474 2556 1597 2598 Codi-

75 2649 165 2676 cem
197 2634 280 2689 ipsi
315 2633 591 2675 contulimus:
624 2632 748 2673 nobis
782 2634 846 2673 est
871 2632 902 2682 l,
934 2631 1183 2685 plerumque
1209 2644 1303 2671 cum
1331 2629 1357 2670 b
1386 2629 1600 2670 consentit

75 2706 139 2747 ita
164 2707 212 2747 ut
237 2705 395 2747 codicis
421 2711 456 2745 E
484 2704 688 2745 lectiones
714 2702 781 2743 his
810 2701 974 2743 duobus
1002 2701 1274 2755 potissimum
1296 2700 1599 2741 adiuuantibus

75 2776 369 2818 restituantur.

195 2845 242 2903 3)
284 2846 426 2889 Codex
463 2844 824 2887 Darnistadiensis
858 2844 973 2886 2283
1007 2859 1054 2885 ex
1089 2843 1341 2885 collectione
1375 2842 1496 2883 liberi
1528 2842 1598 2882 ba·

78 2919 194 2961 ronis
240 2919 289 2960 de
334 2917 569 2960 Huebscliii
614 2917 753 2958 forma
797 2916 1008 2970 oblongus
1055 2915 1236 2969 scriptus
1277 2927 1383 2955 saec.
1410 2912 1494 2954 XII
1531 2913 1598 2954 uel

1618 1904 1716 1929 Codex
1750 1904 1878 1929 Leiden-

1706 1941 1744 1964 lis
1765 1940 1782 1964 l.

1619 2829 1720 2854 Codex
1741 2829 1846 2853 Darni-

1640 2865 1805 2891 stadieusis
1826 2864 1852 2888 d.
