2003 3116
690 174 1057 208 PROLEGOMENA.
1574 174 1631 215 45

111 283 233 324 tinua
260 283 474 338 scriptura
500 283 811 337 supplementis
840 283 1110 324 exstantibus
1144 283 1303 325 eisdem
1335 283 1420 324 illis
1448 297 1556 337 quae
1590 283 1634 323 in

109 360 144 394 E
177 355 458 409 reperiuntur.
520 353 632 396 Nam
671 354 838 396 facilius
875 354 1072 409 profecto
1113 357 1178 396 est
1216 354 1426 396 uocabula
1465 354 1635 409 singula

111 428 315 479 corrupta
352 426 577 467 emendare
616 440 742 480 quam
782 425 922 466 locum
956 426 1125 479 explere
1162 426 1425 468 lacunosum.
1486 424 1634 466 Veluti

108 495 171 536 IV
204 496 272 550 30,
297 497 352 538 41
394 498 570 538 atrocior
599 496 762 538 habent
794 495 981 550 HPBO,
1018 496 1082 538 hic
1118 497 1293 538 atrocior
1323 495 1428 537 P2H
1461 511 1555 538 cum
1587 502 1635 549 E,

111 567 202 607 sine
235 567 363 608 dubio
397 569 512 608 recte
544 566 654 608 conf.
687 568 903 608 auctorem
934 565 1142 608 Graecum
1175 567 1219 608 in
1253 567 1530 609 adnotatione
1565 567 1634 608 ad-

109 637 258 678 latum.
319 637 379 678 At
415 636 476 678 IV
513 637 584 690 16,
611 637 666 678 23
706 637 869 678 habent
906 643 961 677 E:
998 651 1097 690 qnos
1136 641 1340 691 tantopere
1378 639 1533 692 timeat,
1571 652 1635 680 603

108 722 259 750 reeeesse
308 711 366 750 est
413 711 460 749 ut
506 722 663 761 quoquo
713 709 828 749 modo
869 709 1004 762 possit
1048 710 1240 762 ueneficio
1281 713 1406 763 petat.
1477 710 1633 761 Quare;

109 778 310 820 HPBH:
353 793 453 832 quos
497 782 700 832 tantopere
744 780 885 821 timeat
927 793 990 821 eos
1025 794 1178 822 necesse
1214 784 1273 822 est
1313 781 1434 833 quia,-
1479 781 1550 821 sed
1584 779 1634 822 C:

108 863 206 902 quos
250 853 454 903 tantopere
497 851 637 891 timeat
678 864 742 892 eos
784 864 936 893 neeesse
976 854 1034 893 est
1069 855 1114 892 ut
1155 866 1310 905 quoquo
1354 853 1470 894 modo
1503 853 1637 905 possit

106 922 297 975 ueneficio
328 925 452 975 petat.
503 921 621 964 Cur?
653 923 762 975 quia.
812 921 930 976 Ergo
963 922 1043 963 hoc
1077 923 1420 978 supplementum
1455 923 1573 964 codd.
1600 930 1634 963 E

110 1007 196 1034 non
229 1007 279 1034 ex
310 992 396 1035 cod.
426 1007 540 1034 nouo
568 993 641 1033 illo
668 993 851 1047 petitum
878 996 943 1034 est
969 994 1042 1034 sed
1069 994 1154 1034 iam
1183 1009 1291 1036 saec.
1311 993 1372 1034 IX
1399 994 1634 1049 legebatur.

109 1062 191 1105 Sed
223 1064 333 1105 unde
366 1065 550 1118 petitum
583 1064 676 1105 est?
727 1065 797 1105 An
830 1065 914 1105 iam
948 1079 1056 1106 saec.
1082 1064 1143 1105 IX
1177 1065 1267 1106 cod.
1298 1065 1452 1120 aliquis
1485 1066 1633 1107 classis

108 1141 144 1175 E
175 1137 304 1176 notus
336 1134 447 1176 fuit?
510 1134 626 1176 Non:
667 1150 764 1176 nam
799 1136 834 1177 si
866 1136 1021 1177 fuisset
1052 1139 1094 1177 et
1126 1136 1384 1190 principium
1418 1136 1560 1192 operis
1592 1139 1635 1177 et

109 1206 217 1248 aliae
244 1207 420 1248 lacunae
448 1207 582 1248 multo
610 1207 878 1248 molestiores
906 1210 1050 1249 essent
1076 1208 1160 1248 iam
1189 1222 1295 1249 saec.
1317 1207 1378 1248 IX
1401 1208 1633 1262 suppletae.

108 1278 177 1319 An
222 1278 310 1319 cod.
347 1277 379 1320 C
426 1278 562 1318 multo
605 1278 778 1319 meliore
824 1281 866 1319 et
909 1279 1100 1333 pleniore
1146 1279 1377 1334 archetypo
1423 1294 1524 1320 usus
1570 1281 1636 1320 est

108 1363 233 1404 quan]
272 1349 454 1404 reliqui‘?
518 1348 639 1398 Quod
678 1363 757 1405 ego
797 1350 1013 1404 quondam
1053 1352 1203 1404 putaui
1242 1365 1337 1391 cum
1373 1350 1558 1405 plurima
1590 1351 1633 1390 in

106 1421 180 1461 illo
225 1420 314 1461 cod.
347 1420 610 1462 emendatius
651 1420 854 1461 uidissem
894 1421 979 1475 legi
1026 1436 1153 1475 quam
1196 1421 1240 1462 in
1277 1421 1453 1476 reliquis
1496 1436 1632 1476 neque

108 1491 226 1533 codd.
264 1491 451 1546 reliquos
489 1506 661 1533 nossem
700 1492 782 1533 nisi
827 1507 876 1533 ex
914 1491 1099 1546 Kayseri
1138 1492 1336 1534 editione.
1398 1492 1510 1534 Nam
1556 1493 1632 1534 im-

109 1563 291 1616 probaui
326 1563 661 1605 inconstantiam
696 1578 840 1604 eorum
869 1563 940 1618 qui
975 1564 1047 1604 illo
1076 1578 1202 1618 quem
1229 1564 1354 1605 modo
1383 1565 1511 1605 attuli
1539 1564 1633 1606 loco

108 1637 151 1675 et
195 1634 289 1675 aliis
340 1635 565 1689 permultis
617 1635 825 1676 eiusmodi
872 1635 1169 1690 supplementa
1214 1638 1483 1689 receperunt,
1536 1636 1632 1677 aliis

108 1705 356 1747 reiecerunt.
407 1705 516 1755 Quid
550 1706 664 1746 enim
697 1706 836 1747 differt
870 1705 930 1746 IV
959 1706 1028 1760 54,
1054 1706 1108 1747 68
1143 1707 1196 1747 ab
1229 1706 1304 1747 illo
1332 1707 1457 1749 loeo?
1491 1708 1563 1748 ubi
1589 1713 1634 1747 M

108 1776 260 1818 habuit
285 1777 468 1818 testibus
495 1777 633 1818 HPH
640 1778 671 1818 B
699 1779 815 1819 modo
841 1778 981 1819 consul
1005 1779 1196 1831 quodam:
1230 1776 1263 1820 C
1290 1793 1384 1819 cum
1412 1785 1447 1818 E
1475 1778 1634 1819 habent

105 1850 222 1890 modo
253 1849 392 1891 consul
422 1850 628 1902 quondam
661 1849 861 1891 tribunus.
911 1848 1026 1890 Nam
1055 1849 1090 1889 si
1119 1849 1207 1889 illic
1240 1852 1352 1890 recte
1387 1850 1632 1904 suppletum

107 1923 188 1974 est,
234 1920 380 1975 quidni
424 1921 535 1961 idem
579 1921 740 1962 factum
781 1921 837 1961 sit
876 1920 955 1961 hoc
995 1920 1119 1962 loco?
1184 1920 1383 1962 Editores
1422 1921 1498 1962 illa
1537 1935 1632 1962 cum

106 1992 346 2046 receperint
376 2007 464 2034 non
496 1995 610 2034 recte
643 1991 837 2034 fecerunt
869 1992 980 2045 quod
1014 1992 1095 2032 hoc
1127 1991 1425 2033 refutauerunt
1464 1993 1633 2047 supple-

106 2066 316 2104 mentum:
364 2077 443 2119 ego
489 2078 582 2105 cum
629 2063 843 2118 quondam
890 2064 1034 2105 omnia
1078 2063 1289 2104 eiusmodi
1334 2064 1633 2118 supplementa

106 2135 262 2176 codicis
308 2133 340 2177 C
386 2135 572 2189 genuina
618 2150 710 2177 esse
749 2135 1020 2188 crediderim,
1063 2150 1176 2176 nunc
1215 2135 1361 2176 eadem
1401 2135 1545 2176 omnia
1586 2138 1634 2176 ut

107 2206 406 2261 supplementa
433 2206 655 2248 doctorum
684 2221 792 2248 saec.
819 2206 881 2248 IX
914 2207 1038 2248 modo
1071 2209 1186 2248 recte
1219 2206 1332 2248 facta
1365 2206 1490 2248 modo
1525 2206 1634 2248 falsa

106 2292 191 2318 non
232 2277 317 2319 alio
355 2278 450 2319 loco
487 2277 712 2319 habuerim
751 2293 879 2333 quam
919 2278 954 2319 si
993 2278 1260 2320 coniecturas
1300 2292 1371 2319 eas
1412 2292 1504 2319 esse
1543 2292 1632 2318 ma—

110 2348 235 2402 gistri
274 2348 433 2390 Heirici
473 2352 547 2390 aut
587 2349 753 2391 Sei-uati
790 2349 900 2404 Lupi
938 2349 1146 2391 traditum
1185 2352 1298 2391 esset
1339 2364 1445 2404 quos
1484 2364 1632 2390 unum-

106 2434 314 2474 quemque
348 2421 553 2461 aemulari
586 2421 745 2463 licebit.
800 2420 913 2462 Nam
954 2421 1145 2476 spurium
1179 2421 1366 2475 amplius
1398 2421 1502 2461 illud
1536 2436 1632 2475 sup-

104 2491 367 2544 plementum
402 2491 464 2532 IV
494 2492 559 2546 16,
585 2493 641 2534 23
681 2508 773 2534 esse
808 2497 855 2534 ut
892 2493 1134 2535 coniunctio
1176 2493 1445 2534 demonstrat
1483 2495 1632 2533 contra

104 2575 227 2602 usum
266 2562 487 2616 scriptoris
524 2564 677 2617 posita.
739 2564 891 2618 Itaque
922 2563 987 2604 III
1013 2566 1081 2617 21,
1108 2564 1164 2605 34
1206 2565 1442 2606 constituere
1479 2563 1633 2604 habuit

104 2638 161 2686 M,
193 2635 346 2685 oportet
375 2634 612 2675 constituere
637 2634 799 2675 habent
828 2635 900 2688 bl,
931 2636 1168 2676 constituere
1193 2638 1344 2688 oportet
1374 2633 1458 2675 Cd:
1490 2634 1632 2676 locum

104 2702 353 2744 lacunosum
396 2718 487 2745 esse
525 2705 586 2746 ita
623 2707 672 2745 ut
709 2705 834 2758 plura
872 2705 1005 2746 uerba
1035 2720 1121 2747 non
1160 2721 1291 2747 unum
1329 2705 1630 2747 tantummodo

108 2773 219 2815 desit
269 2777 466 2829 apertum
511 2778 586 2816 est.
647 2773 696 2816 In
747 2777 947 2817 omnibus
993 2776 1202 2818 eiusmodi
1252 2777 1358 2818 locis
1408 2790 1486 2817 nos
1537 2791 1630 2817 eam

105 2845 316 2887 rationem
359 2860 586 2900 sequemur
622 2849 669 2888 ut
702 2862 785 2902 quo
824 2847 964 2889 minor
1003 2850 1044 2889 et
1082 2847 1251 2890 facilior
1283 2848 1335 2890 ad
1375 2847 1629 2902 explendum

105 2917 259 2958 lacuna
297 2917 444 2971 fuerit,
484 2932 534 2959 eo
566 2917 706 2974 magis
744 2919 835 2960 ueri
868 2920 948 2960 erit
987 2919 1126 2961 simile
1160 2934 1250 2961 ean]
1285 2922 1398 2961 recte
1435 2933 1525 2961 esse
1559 2935 1629 2961 ex-
