2003 3116
238 2907 245 2931 l

334 154 348 192 1
362 154 386 194 g
900 151 1267 184 PROLEGOMENA.

333 263 376 301 et
420 259 637 301 adhibitae
683 257 973 298 testimonium
1026 257 1262 311 egregium:
1313 256 1422 297 conf.
1461 257 1571 299 Fest.
1608 273 1647 313 p.
1680 259 1764 301 259
1791 258 1850 302 Μ.

330 331 504 371 Praeter
523 328 775 382 Hieronymi
802 327 1002 368 chronica
1025 327 1147 368 Pauli
1171 326 1286 369 Festi
1314 327 1528 381 epitomen
1552 328 1679 370 Marii
1699 329 1844 371 Victo-

330 400 410 441 rini
443 399 685 453 explanatio
723 399 769 439 in
801 399 936 440 libros
975 398 1025 440 de
1057 399 1142 440 inu.
1176 398 1366 440 adfertur
1405 414 1487 454 quo
1522 399 1571 441 de
1613 400 1705 441 loco
1739 400 1851 442 infra

330 472 481 525 agetur
500 470 544 511 in
566 469 705 524 capite
725 469 776 511 de
801 469 930 512 titulo
959 471 1099 525 operis
1126 470 1177 512 ad
1197 469 1317 511 Her.:
1352 470 1456 511 adde
1480 469 1637 512 Isidori
1663 470 1849 526 origines

330 538 455 595 (VIII
489 541 526 595 7,
552 540 598 597 5)
645 556 750 596 quas
795 541 1022 596 exscripsit
1067 541 1302 584 scholiasta
1346 542 1540 584 notarius
1580 541 1632 583 ad
1670 541 1692 583 I
1724 542 1768 596 8,
1796 543 1849 584 13

330 610 401 652 fol.
429 611 519 654 2Υ.ε
554 612 730 666 Τναῃεᾱὶ
754 613 853 655 dicti
876 614 984 667 qnod
1012 613 1057 654 in
1089 613 1209 654 initio
1240 613 1473 655 canentibus
1497 613 1733 666 praemium
1764 617 1852 654 erat

328 681 465 723 hircus
496 697 612 736 quem
640 685 778 737 ffraecz'
809 687 949 738 traaas
981 687 1139 725 nocant.
1189 684 1286 725 Iam
1311 683 1451 726 dehinc
1476 687 1675 738 sequentes
1707 684 1852 738 trayici

327 754 501 795 multum
526 754 716 797 honorem
742 756 878 809 adepta·
902 758 1000 797 sant
1016 755 1245 797 excellentes
1271 756 1315 796 in
1340 757 1589 809 ammonentes
1611 755 1850 808 fabularum

327 826 384 867 ad
418 827 605 868 ueritatis
643 827 863 881 z‘mayinem
901 827 1019 880 fiatis.
1084 827 1196 868 Nam
1229 830 1372 880 poetae
1411 841 1550 881 rcynm
1586 827 1778 870 historias
1815 831 1852 869 et

328 910 392 938 res
425 897 614 950 publicas
644 899 901 951 praedicant.
962 897 1159 939 Eundem
1200 897 1286 939 fere
1328 898 1468 939 locum
1508 897 1660 940 Isidori
1703 898 1846 940 eodem

329 967 455 1009 modo
476 967 557 1010 hoc
584 972 649 1011 est
674 970 832 1025 partim
858 969 1012 1010 litteris
1038 969 1200 1023 partim
1226 969 1340 1010 notis
1368 969 1592 1024 exscripsit
1619 970 1851 1012 scholiasta

327 1039 419 1081 cod.
444 1037 735 1083 Berolinensis
775 1042 847 1096 qui
879 1042 1078 1082 centones
1111 1039 1425 1082 Dracontianos
1459 1041 1650 1082 continet
1681 1056 1764 1096 qua
1796 1041 1845 1083 de

326 1125 370 1151 re
397 1110 507 1152 conf.
528 1110 767 1166 GMeyerus
787 1112 1078 1166 Sitzungsber.
1101 1111 1137 1152 d.
1159 1111 1269 1152 Berl.
1292 1111 1371 1153 Ak.
1392 1111 1428 1152 d.
1450 1111 1517 1152 W.
1549 1112 1660 1154 1890
1686 1128 1725 1166 p.
1747 1112 1842 1154 295.

326 1180 463 1229 Quam
504 1182 626 1224 docte
668 1183 847 1238 denique
887 1183 1121 1224 scholiasta
1159 1183 1232 1223 ille
1271 1183 1402 1224 uerba
1440 1183 1601 1224 tradita
1640 1183 1851 1225 studuerit

328 1255 401 1294 aut
429 1253 654 1295 emendare
682 1257 755 1296 aut
787 1268 986 1296 enarrare
1020 1268 1070 1295 ex
1097 1253 1260 1295 scholio
1293 1253 1364 1294 fol.
1392 1254 1448 1295 40
1469 1270 1506 1295 u.
1534 1253 1585 1295 ad
1612 1253 1674 1295 IV
1700 1255 1768 1309 32,
1794 1255 1849 1296 43

326 1325 484 1379 partim
506 1324 644 1383 *notis
689 1326 848 1379 partim
894 1325 1050 1366 litteris
1095 1324 1336 1379 conscripto
1381 1325 1648 1381 intellegitur
1689 1326 1761 1366 ubi
1803 1326 1848 1366 in

326 1396 444 1438 codd.
473 1411 581 1438 saec.
608 1395 692 1438 XII
719 1395 941 1437 emendate
967 1395 1126 1451 legitur
1158 1409 1239 1437 non
1266 1398 1351 1436 tam
1382 1395 1457 1436 cito
1488 1396 1645 1437 sarisae
1672 1394 1850 1437 Graecia

320 1468 472 1521 potitae
502 1471 609 1519 sunt,
642 1470 688 1509 at
718 1468 763 1509 in
795 1467 912 1509 codd.
938 1466 1068 1508 HPB
1114 1465 1360 1508 Corbeiensi
1407 1481 1513 1508 saec.
1545 1467 1615 1508 IX.
1651 1470 1850 1522 corrupta

326 1539 433 1580 haec
464 1541 637 1581 exstant
673 1553 756 1581 non
788 1542 873 1580 tam
905 1538 980 1579 cito
1018 1538 1137 1580 uaris
1172 1538 1349 1592 egyi⁸aeyie
1388 1552 1419 1579 e.
1447 1552 1484 1592 q,
1513 1552 1542 1578 s.
1606 1537 1849 1580 Scholiasta

325 1609 481 1652 Iustini
519 1609 603 1652 XII
637 1612 674 1665 7,
702 1611 728 1652 5
766 1625 929 1652 memor
969 1625 1097 1664 supra
1136 1610 1265 1652 uerba
1303 1610 1421 1651 uaris
1457 1610 1634 1664 eymeyie
1671 1610 1850 1652 adnotat

324 1683 581 1737 aryiraspide
622 1683 758 1725 uocati
801 1685 899 1724 sant
940 1681 1087 1722 scutati
1135 1680 1354 1722 alexandri
1402 1681 1452 1722 ab
1499 1681 1696 1735 arycnz‘fez's
1747 1682 1849 1723 astis

328 1768 465 1809 neque
497 1755 644 1795 tamen
678 1752 901 1795 emendare
933 1752 1065 1793 uerba
1096 1750 1256 1793 tradita
1288 1766 1415 1793 ausus
1443 1754 1517 1792 est.
1565 1751 1728 1806 Operae
1754 1767 1847 1807 pre-

325 1825 434 1867 tium
477 1825 704 1867 uidebatur
746 1824 918 1866 uberius
962 1823 1011 1864 de
1053 1822 1150 1864 istis
1195 1821 1370 1865 scholiis
1412 1822 1617 1864 disserere
1660 1823 1848 1878 quando-

327 1896 495 1951 quidem
535 1896 786 1938 eruditionis
828 1895 921 1936 aeui
959 1894 1200 1950 Kal-olingii
1242 1894 1455 1948 specimen
1496 1894 1698 1935 exhibent
1734 1895 1848 1936 lucu·

325 1968 501 2009 lentum.
564 1967 684 2009 Adde
724 1966 834 2021 quod
872 1965 1095 2007 librarium
1134 1966 1250 2006 illius
1290 1965 1512 2020 archetypi
1551 1965 1724 2006 minime
1762 1981 1846 2008 uno

327 2039 470 2081 codice
492 2040 742 2080 contentum
761 2037 893 2079 fuisse
914 2036 1192 2078 manifestum
1220 2038 1283 2076 est
1310 2051 1359 2076 ex
1381 2036 1656 2078 adnotatione
1682 2036 1753 2079 fol.
1774 2038 1849 2080 311.

327 2109 378 2150 ad
403 2107 425 2147 I
456 2110 521 2164 12,
547 2110 603 2151 22
636 2113 672 2150 ct
701 2122 827 2151 caasa
852 2109 961 2150 cadit
992 2122 1023 2150 e.
1052 2123 1088 2162 q.
1118 2122 1148 2149 s.
1181 2108 1337 2162 partim
1366 2107 1480 2148 notis
1506 2107 1661 2161 partim
1689 2107 1847 2149 litteris

326 2180 560 2235 adscripta:
592 2181 761 2234 (lindam
793 2181 942 2222 codices
973 2179 1120 2220 liabent
1149 2179 1220 2232 qni
1250 2179 1329 2232 egli&
1358 2178 1443 2220 nisi
1472 2178 1614 2220 habuit
1640 2180 1847 2221 actionem.

325 2253 433 2305 qnod
471 2251 564 2293 bene
598 2255 730 2304 potest
768 2251 890 2293 scriba·
928 2251 1149 2292 secundnm
1188 2250 1295 2291 illud
1331 2250 1439 2303 qaod
1477 2253 1534 2291 cst
1569 2250 1615 2291 in
1651 2252 1844 2293 seczmdo:

327 2322 478 2363 deinde
511 2322 752 2377 relegamur
784 2322 836 2363 ad
874 2321 1101 2363 historiam
1136 2319 1313 2361 Orestae
1352 2321 1424 2374 qui
1463 2323 1642 2362 matrem
1682 2322 1844 2363 occide-

328 2393 384 2434 rit
416 2407 493 2434 nec
525 2393 722 2434 habuerit
756 2393 978 2434 actionem.
1038 2390 1305 2433 Conferenda
1337 2391 1418 2432 erit
1451 2405 1545 2432 cum
1572 2392 1654 2433 isto
1682 2392 1844 2434 scholio

327 2464 549 2505 adnotatio
581 2464 626 2504 in
652 2464 741 2505 cod.
770 2463 1077 2517 Bambergensi
1106 2476 1213 2504 saec.
1238 2461 1277 2502 X
1306 2461 1356 2503 ad
1382 2461 1506 2503 Mart.
1534 2461 1692 2517 Capell.
1718 2477 1757 2516 p.
1779 2464 1848 2518 24,

330 2536 381 2577 13
409 2535 507 2577 edit.
527 2535 732 2590 Eyssenh.
764 2533 892 2590 (conf.
914 2535 939 2575 l.
967 2549 998 2576 s.
1023 2549 1062 2588 p.
1089 2532 1171 2588 XI)
1199 2533 1415 2588 adscripta
1440 2533 1511 2575 hoc
1535 2534 1580 2575 in
1605 2534 1845 2587 quibusdam

325 2607 526 2649 codicibus
556 2621 638 2649 non
666 2606 835 2648 habetur
867 2609 958 2647 tum
986 2604 1171 2647 Charisii
1199 2605 1389 2647 scholion
1420 2604 1500 2646 GL
1528 2605 1548 2646 I
1572 2621 1612 2660 p.
1631 2605 1728 2659 205,
1752 2606 1773 2646 7
1802 2606 1847 2647 in

324 2678 568 2731 quibasdam
604 2692 686 2720 non
728 2679 919 2730 fcrzmnn‘
958 2676 1090 2719 schol.
1127 2676 1273 2719 quen.
1301 2675 1362 2717 VI
1389 2676 1486 2719 365.
1548 2676 1613 2717 Ex
1645 2676 1704 2717 eis
1738 2691 1844 2730 quae

327 2749 504 2804 exposui
545 2750 647 2791 satis
687 2751 866 2804 apparet
904 2748 1008 2789 locis
1053 2748 1247 2802 plurimis
1287 2748 1374 2789 cod.
1413 2747 1721 2801 interpolatum
1754 2762 1845 2788 esse

327 2823 369 2861 et
398 2821 669 2861 emendatum
703 2819 958 2862 coniecturis
992 2819 1231 2861 doctorum:
1271 2833 1376 2873 quas
1409 2817 1764 2873 interpolationes
1805 2820 1847 2859 et

328 2891 647 2933 emendationes
694 2892 846 2932 summi
891 2890 1096 2931 momenti
1144 2904 1235 2931 esse
1280 2889 1331 2930 ad
1376 2889 1580 2930 lectiones
1621 2888 1737 2930 codd.
1779 2903 1844 2930 ex-
