2003 3116
341 169 398 208 42
913 165 1277 198 PROLEGOMENA.

340 289 486 328 uocem,
512 281 564 314 E:
588 274 728 325 fauces
753 275 789 313 et
812 285 957 322 uocem,
984 271 1046 312 IV
1068 272 1107 324 3,
1126 271 1154 312 4
1179 278 1242 312 M:
1269 271 1495 324 pueriliter,
1520 278 1573 312 E:
1600 273 1799 314 inutiliter
1823 275 1859 314 et

335 345 559 398 pueriliter,
585 344 654 396 46,
673 342 728 384 59
749 348 810 383 Μ;
844 343 1019 396 idoneus,
1046 342 1113 383 bl:
1139 342 1306 383 idoneus
1325 374 1334 383 .
1356 374 1364 382 .
1387 375 1395 382 .
1416 345 1452 382 et
1476 345 1606 394 aptus,
1632 343 1701 396 54,
1722 343 1775 385 68
1795 350 1856 384 M:

339 415 479 464 hostis,
520 413 587 454 bl:
626 413 750 455 liostis
787 416 824 454 et
862 413 965 454 exul.
1030 411 1210 467 Saepius
1248 426 1348 454 uero
1389 412 1531 453 euenit
1567 414 1615 453 ut
1653 413 1859 454 eiusmodi

340 486 720 539 interpretamenta
739 485 810 525 uel
829 484 1100 538 ineptissima
1119 497 1318 524 recensor
1339 483 1544 537 reciperet
1562 497 1640 537 pro
1661 483 1858 538 genuinis

342 555 450 595 male
484 555 681 608 expulsis.
725 554 873 596 Veluti
904 554 965 595 IV
999 554 1068 608 54,
1096 556 1149 596 68
1183 569 1259 608 pro
1290 554 1565 596 Viminacium
1598 551 1725 609 (conf.
1750 554 1858 595 Mus.

340 625 473 665 Rhen.
502 624 660 666 XLVII
694 641 732 679 p.
762 623 863 681 157)
901 625 1045 680 posuit
1089 625 1324 679 bithiniam,
1370 626 1440 678 12,
1476 626 1527 667 18
1567 639 1643 678 pro
1681 624 1860 667 Caelius:

337 695 514 747 cecilius,
548 697 616 749 20,
643 697 696 738 27
730 712 808 751 pro
836 710 1006 749 parens:
1031 698 1163 748 pater,
1196 696 1265 749 27,
1291 697 1344 737 37
1378 710 1456 750 pro
1483 697 1748 738 disiunctum:
1780 695 1859 737 dis-

341 768 503 817 iunctio,
537 768 604 822 30,
624 768 679 809 41
711 783 788 821 pro
816 768 1072 809 dissolutum:
1106 766 1332 816 dissolutio,
1364 767 1433 816 48,
1455 767 1507 807 61
1536 781 1613 820 pro
1639 767 1859 808 similibus:

337 839 696 892 similitudinibus,
734 838 775 879 II
810 839 848 892 6,
875 839 900 880 9
934 852 1011 893 pro
1043 837 1416 891 interroyationem:
1456 839 1859 890 arqumcntationem,

339 908 402 950 IV
438 909 504 959 12,
535 910 586 950 18
619 924 696 963 pro
729 923 887 962 operae:
920 909 1182 962 operationis,
1223 908 1261 961 8,
1290 908 1343 949 12
1376 923 1453 961 pro
1483 909 1678 960 facinori:
1711 909 1860 963 sceleri,

337 981 406 1035 47,
427 981 483 1021 60
510 995 587 1035 pro
620 981 786 1022 inertia:
825 980 1057 1032 inscientia,
1090 979 1127 1032 8,
1157 979 1210 1020 12
1243 993 1319 1033 pro
1349 979 1474 1031 feros:
1502 980 1661 1034 seroces,
1694 994 1770 1033 pro
1797 981 1860 1021 in-

333 1065 512 1105 qenuum
544 1052 669 1093 sicuti
696 1051 739 1092 Π
767 1052 833 1105 30,
859 1051 915 1092 49
949 1051 1179 1103 inqenuam,
1210 1049 1275 1091 III
1305 1050 1372 1104 22,
1399 1050 1455 1092 35
1487 1065 1563 1104 pro
1596 1051 1858 1092 inusitatum:

341 1123 590 1172 inauditum,
629 1121 689 1163 IV
725 1122 791 1175 15,
817 1122 870 1162 21
912 1136 988 1176 pro
1028 1121 1334 1162 ineoeorabilem:
1374 1121 1689 1174 implacabilem,
1728 1122 1771 1173 8,
1807 1122 1857 1163 11

340 1208 416 1248 pro
444 1194 546 1235 leui:
578 1207 741 1247 maqna,
768 1192 809 1233 ΙΙ
842 1193 907 1246 17,
928 1193 983 1233 26
1011 1207 1087 1246 pro
1114 1192 1374 1234 cdc‘sseretur:
1399 1195 1626 1245 quaeretur,
1653 1192 1717 1234 III
1747 1194 1783 1246 7,
1808 1193 1859 1234 13

339 1279 415 1318 pro
449 1265 871 1306 commemorauinzus:
912 1263 1199 1317 tractauimus,
1234 1262 1297 1304 IV
1332 1264 1402 1316 13,
1434 1264 1486 1304 19
1525 1277 1600 1317 pro
1638 1263 1858 1316 reliquisti:

338 1336 622 1390 contempsisti,
648 1336 717 1389 44,
737 1336 790 1377 57
813 1349 891 1388 pro
915 1335 1110 1376 accedere:
1135 1334 1348 1389 suscipere,
1372 1333 1441 1387 45,
1461 1333 1515 1376 58
1537 1349 1614 1388 pro
1635 1335 1860 1377 docuimus:

338 1407 536 1459 (amanus,
556 1407 626 1458 46,
647 1406 702 1448 59
729 1421 806 1461 pro
833 1406 1060 1447 candentes:
1087 1406 1272 1447 ardentes
1292 1406 1389 1447 alia.
1426 1405 1653 1447 Praeterea
1671 1421 1749 1460 pro
1771 1421 1862 1448 sae-

339 1477 422 1519 culi
443 1493 559 1519 more
583 1477 940 1533 orthographiam
967 1477 1163 1518 correxit.
1207 1476 1320 1518 Nam
1340 1476 1494 1530 ubique
1521 1476 1608 1518 fere
1634 1478 1677 1518 in
1697 1484 1732 1518 Ε
1757 1478 1860 1534 legi-

338 1551 409 1590 tur
443 1549 648 1602 improbus
681 1549 852 1604 similia,
885 1563 981 1590 cum
1006 1548 1202 1601 inprobus
1234 1547 1290 1589 sit
1316 1548 1359 1589 iu
1385 1555 1442 1601 M,
1475 1548 1631 1602 ubique
1664 1552 1861 1602 tanquam

340 1635 553 1674 nunquam
573 1620 744 1676 similia,
764 1635 871 1675 quae
890 1620 936 1661 in
950 1620 1258 1661 uetustioribus
1281 1621 1381 1661 sunt
1401 1623 1611 1673 tamquam
1626 1633 1861 1673 numquam.

338 1692 423 1734 Pro
451 1692 696 1747 praeteribis
724 1691 958 1734 contractis
980 1706 1086 1746 quae
1111 1691 1312 1746 leguntur
1332 1691 1375 1731 in
1394 1690 1700 1732 uetustioribus
1727 1691 1862 1732 ueluti

332 1764 563 1817 pulsarunt
616 1764 871 1806 conseruaris
921 1763 1284 1816 pronuntiarimus
1333 1763 1567 1804 iudicaritis
1621 1766 1863 1804 consuerunt

339 1836 549 1877 commorit
576 1849 744 1889 semper
768 1834 958 1875 restituit
983 1834 1145 1875 formas
1172 1833 1388 1888 pleniores
1409 1833 1684 1886 pulsauerunt
1707 1848 1741 1875 e.
1768 1849 1805 1887 q.
1831 1849 1860 1874 s.

341 1907 453 1960 quod
479 1906 591 1947 idem
617 1907 662 1947 in
688 1906 734 1947 T.
757 1905 869 1947 Liuii
895 1905 1012 1947 codd.
1041 1905 1349 1946 recentioribus
1376 1904 1537 1946 factum
1563 1919 1654 1945 esse
1681 1904 1862 1946 adnotat

342 1977 716 2019 Drakenborchius
756 1977 808 2018 acl
847 1976 937 2018 Liu.
963 1976 1067 2018 XXI
1097 1967 1172 2030 44,
1196 1977 1232 2017 7.
1293 1975 1485 2030 Denique
1524 1976 1627 2017 locis
1665 1976 1860 2029 plurimis

341 2064 389 2090 ea
428 2063 535 2103 quae
573 2048 779 2089 inusitata
817 2050 860 2089 et
902 2050 1051 2089 contra
1096 2047 1291 2102 regulam
1337 2046 1419 2088 sibi
1462 2046 1710 2087 uiderentur
1751 2061 1863 2088 com-

341 2120 527 2161 mutauit
558 2119 825 2161 facilioribus
852 2122 895 2160 et
926 2118 1168 2160 tritioribus
1195 2118 1331 2159 ueluti
1363 2132 1440 2172 pro
1472 2118 1567 2159 item
1592 2117 1748 2172 ubique
1774 2118 1860 2159 fere

343 2192 399 2232 ita
436 2190 600 2245 posuit,
644 2205 720 2244 pro
760 2194 862 2232 totae
900 2191 1101 2243 poematis
1140 2192 1349 2242 praesente
1393 2189 1533 2230 multis
1568 2190 1749 2242 quicum:
1794 2191 1863 2231 toti

334 2262 589 2316 poematibus
612 2262 896 2315 praesentibus
921 2261 1062 2302 multis
1088 2274 1177 2302 cum
1203 2261 1358 2314 quibus,
1393 2275 1469 2314 pro
1501 2260 1632 2301 hilare
1655 2261 1864 2302 inbecillae

340 2334 533 2386 insiqnite
569 2333 779 2374 audaciter
817 2332 929 2373 breui
959 2333 1192 2373 adsensorcs
1230 2331 1376 2372 tacitus
1413 2334 1532 2371 certo:
1569 2330 1756 2372 hilariter
1787 2332 1862 2372 im-

340 2404 494 2446 becilles
527 2404 740 2456 insiyniter
770 2403 963 2444 audacter
995 2402 1166 2443 breuiter
1197 2404 1463 2443 assentatores
1489 2402 1605 2442 tacite
1630 2404 1740 2451 certe,
1772 2404 1861 2442 tum

341 2490 418 2530 pro
463 2475 695 2516 humiliore:
740 2473 906 2523 liumili,
950 2487 1027 2526 pro
1073 2487 1100 2514 a
1136 2472 1288 2514 Poeno:
1339 2486 1366 2512 a
1409 2472 1575 2522 Poenis,
1619 2487 1696 2526 pro
1743 2473 1863 2514 totius

335 2547 561 2600 pueritiae:
592 2559 668 2599 per
705 2558 861 2586 omnem
891 2544 1137 2598 pueritiam,
1176 2544 1373 2598 genetiuo
1414 2543 1652 2598 elegantius
1685 2543 1861 2584 uerbum

336 2618 464 2671 potiri
495 2617 665 2671 putauit
698 2615 818 2670 sequi
851 2615 1087 2657 ablatiuum
1121 2616 1163 2655 et
1194 2614 1351 2655 rectius
1385 2615 1512 2655 scribi
1544 2614 1863 2667 anipliiboloyias

343 2704 472 2743 quam
498 2687 769 2741 amphibolias
795 2686 951 2728 collato
979 2689 1060 2741 aut
1079 2685 1240 2727 Donati
1266 2684 1411 2726 codice
1437 2685 1657 2726 Leidensis
1679 2683 1712 2725 L
1733 2683 1863 2725 Keilii

342 2759 412 2799 GL
443 2758 504 2798 IV
542 2774 582 2812 p.
609 2757 713 2811 395,
740 2757 796 2798 20
837 2757 966 2798 simili
1005 2758 1079 2797 aut
1116 2755 1320 2797 Martiani
1365 2754 1565 2810 Capellae
1606 2755 1684 2796 tali
1726 2756 1863 2809 qualis

344 2832 410 2870 est
446 2828 811 2869 Darrnstadiensis
857 2828 906 2868 de
951 2842 1032 2881 quo
1077 2827 1183 2868 conf.
1224 2826 1424 2867 Halmius
1469 2825 1588 2867 RLM
1629 2841 1668 2879 p.
1700 2826 1798 2879 461,
1826 2826 1863 2866 7.

343 2898 455 2940 Nam
481 2898 609 2939 medii
631 2898 725 2939 aeui
752 2900 943 2951 tempore
970 2897 1269 2950 amphiboloyia
1295 2897 1501 2938 usitatam
1525 2896 1706 2937 formam
1733 2896 1862 2938 fuisse
