2003 3116
709 124 1078 157 PROLEGOMENA.
1574 124 1656 164 143

136 247 216 288 que
242 231 440 290 (Quintil.
461 231 500 273 X
521 231 560 287 5,
580 232 637 274 20
665 230 809 274 Senec.
830 234 1020 274 controu.
1040 230 1105 272 ΠΙ
1125 231 1257 286 praef.
1283 230 1354 287 15)
1376 234 1419 273 et
1438 234 1657 286 tamquam

135 304 170 345 si
201 303 346 345 uerbis
380 303 467 345 illis
500 302 598 345 <sed
630 303 877 345 hominibus
909 317 1016 357 opus
1052 305 1116 344 est
1149 302 1350 344 eruditis'
1382 302 1659 358 responderet

135 372 341 430 ‘negabat
373 374 543 416 litteras
576 375 706 416 scisse
739 373 1003 417 Ciceronem'
1036 373 1199 428 (Senec.
1226 389 1336 415 suas.
1360 373 1447 416 VII
1482 371 1567 431 13).

252 443 334 487 Sed
367 446 500 487 uerba
531 445 607 487 illa
634 444 779 487 Crassi
811 445 922 499 apud
956 442 1204 486 Ciceronem
1237 443 1360 499 equos
1394 459 1472 501 ego
1507 459 1658 488 censor

134 517 271 559 edicto
311 531 404 559 meo
444 515 725 558 sustuleram’
759 517 801 557 et
834 515 845 533 ²
857 515 1007 570 putaui
1048 530 1140 557 esse
1178 517 1367 558 censoris
1399 531 1453 558 ne
1485 517 1656 571 longius

133 588 176 630 id
209 591 397 643 serperet
433 586 678 642 prouidere’
713 585 869 628 summi
909 586 962 627 ad
1001 589 1195 628 nostram
1227 588 1522 641 quaestionem
1556 590 1657 630 sunt

134 659 353 702 momenti.
396 658 570 700 Etenim
594 673 643 699 ex
669 657 1090 713 plusquamperfecto
1119 660 1311 713 apparet,
1335 658 1530 701 rhetores
1556 659 1657 701 illos

135 730 311 773 Latinos
340 745 450 772 anno
472 729 641 785 662s92
664 729 802 771 edicto
825 728 967 771 Crassi
997 743 1224 784 oppressos
1245 730 1374 784 paulo
1398 733 1499 785 post
1519 731 1656 772 denuo

135 802 369 844 emersisse.
421 801 585 843 Deinde
616 800 660 842 id
691 800 966 856 potissimum
994 800 1347 842 considerandum
1377 803 1453 856 est,
1486 804 1658 843 auctore

133 873 337 916 Cicerone
375 888 463 915 non
497 873 646 915 ambos
685 886 883 914 censores
917 872 990 914 sed
1023 871 1162 914 solum
1196 870 1398 914 Crassum
1433 873 1658 914 sustulisse

131 945 276 987 ludum
305 945 425 986 illum
454 943 584 986 Plotii
617 944 756 986 edicto
789 959 866 986 suo
899 946 941 985 et
967 944 1220 986 remouisse:
1253 943 1365 998 quod
1399 944 1502 985 alibi
1529 944 1656 998 longe

133 1017 258 1058 aliter
284 1016 479 1058 traditur.
530 1015 679 1070 Neque
706 1018 851 1057 tamen
879 1016 1084 1057 continuo
1113 1015 1386 1057 iudicandum
1415 1017 1479 1057 est
1505 1030 1658 1070 parum

135 1088 364 1144 diligenter
390 1088 581 1130 locutum
609 1102 702 1129 esse
730 1086 977 1129 Ciceronem
1004 1102 1140 1142 neque
1166 1087 1207 1128 id
1242 1087 1382 1142 ipsum
1411 1088 1522 1143 quod
1549 1088 1659 1129 alter

134 1174 357 1202 censorum
404 1160 580 1202 omnino
621 1159 647 1200 l.
681 1175 711 1201 s.
745 1173 831 1200 non
874 1161 1235 1201 commemoratur
1278 1159 1457 1200 nimium
1503 1159 1657 1214 aliquis

132 1232 311 1274 miratus
357 1231 425 1273 sit.
487 1230 598 1272 Nam
643 1230 807 1272 famosa
857 1230 1086 1272 admodum
1133 1230 1295 1272 Romae
1341 1233 1434 1272 erat
1478 1245 1657 1272 censura

131 1302 205 1346 Cn.
246 1302 428 1345 Domitii
474 1302 751 1344 Ahenobarbi
796 1301 841 1342 L.
887 1300 1042 1344 Licinii
1090 1300 1235 1343 Crassi
1286 1303 1464 1357 propter
1514 1302 1657 1356 iurgia

131 1375 305 1416 assidua
332 1376 374 1415 et
400 1373 702 1416 altercationes
735 1372 1034 1414 acerbissimas
1068 1387 1178 1427 quae
1213 1373 1341 1414 etiam
1375 1374 1417 1414 in
1451 1373 1573 1414 libris
1608 1373 1657 1414 de

130 1461 189 1487 or.
214 1445 257 1487 II
291 1446 365 1500 11,
389 1445 458 1487 45.
491 1446 567 1499 56,
594 1445 680 1487 230
718 1447 1109 1486 commemorantur
1142 1469 1197 1473 —
1230 1444 1481 1486 testimonia
1515 1444 1658 1485 omnia

129 1517 286 1559 collata
332 1519 433 1558 sunt
471 1515 602 1557 ORF²
633 1531 674 1570 p.
700 1516 786 1557 306
823 1541 871 1546 —
907 1530 983 1557 nec
1035 1518 1205 1570 poterat
1252 1515 1429 1571 gloriari
1473 1514 1655 1557 Crassus

130 1588 256 1630 sicuti
282 1587 498 1629 Gracchus
526 1587 601 1628 ille
629 1602 778 1629 censor
811 1587 941 1641 ‘quod
968 1587 1178 1628 insciente
1205 1587 1373 1642 collega
1404 1587 1448 1627 in
1479 1600 1657 1627 censura

128 1659 238 1700 nihil
267 1658 418 1715 gessit'
446 1656 514 1716 (de
542 1659 626 1701 inu.
654 1658 674 1700 I
701 1659 769 1714 30,
796 1656 886 1714 48).
930 1658 1069 1700 Immo
1097 1659 1140 1699 in
1166 1661 1232 1700 tot
1258 1659 1477 1713 tantisque
1503 1657 1655 1712 iurgiis

129 1730 319 1786 ‘propter
350 1745 517 1772 morum
552 1729 965 1772 dissimilitudinem'
998 1730 1111 1771 natis
1150 1730 1378 1772 admodum
1413 1730 1522 1771 mira
1555 1744 1656 1770 sane

130 1805 242 1845 esset
280 1803 382 1844 talis
415 1802 643 1845 concordia
676 1804 804 1856 atque
837 1801 1075 1844 consensio.
1138 1800 1367 1843 Praeterea
1399 1801 1654 1842 alterutrum

130 1889 354 1916 censorum
393 1889 469 1916 suo
502 1873 641 1915 Marte
682 1873 844 1916 edicere
882 1872 1077 1927 potuisse
1115 1872 1233 1914 nullo
1274 1873 1523 1914 testimonio
1562 1886 1657 1926 pro-

129 1945 328 1987 hibemur
365 1946 466 2001 quin
506 1945 762 2000 iudicemus,
801 1959 898 1986 cum
937 1944 986 1985 de
1025 1943 1082 1985 M.
1117 1942 1339 1998 Calpurnii
1378 1943 1521 1984 Bibuli
1560 1957 1657 1985 con-

131 2017 236 2059 sulis
269 2017 422 2059 edictis
454 2018 497 2059 in
531 2018 742 2073 collegam
782 2016 887 2058 satis
921 2018 1089 2057 constet
1122 2017 1164 2056 et
1196 2018 1291 2056 tota
1323 2015 1433 2056 ratio
1467 2015 1655 2056 muneris

132 2089 315 2131 censorii
343 2092 384 2130 et
409 2089 544 2131 uerba
571 2088 750 2144 Nepotis
772 2087 863 2130 Cat.
886 2088 912 2129 2
940 2086 1116 2128 ‘multas
1143 2101 1210 2128 res
1237 2101 1373 2129 nouas
1399 2086 1442 2126 in
1470 2085 1655 2127 edictum

132 2159 309 2201 addidit'
347 2160 446 2201 huic
485 2159 678 2215 opinioni
725 2159 1031 2214 suffragentur:
1075 2172 1153 2199 nec
1191 2157 1365 2199 Tacitus
1411 2157 1567 2211 dialog.
1600 2156 1655 2198 35

129 2246 280 2285 parum
309 2233 504 2273 accurate
535 2231 703 2273 locutus
731 2232 809 2284 est,
842 2245 938 2272 cum
966 2229 1125 2271 scribat
1151 2228 1280 2284 ‘quod
1307 2228 1402 2282 [M]
1431 2227 1588 2270 Crasso
1615 2230 1657 2268 et

131 2302 322 2345 Domitio
355 2303 604 2345 censoribus
635 2302 802 2344 cludere
834 2303 882 2343 ut
916 2302 977 2342 ait
1004 2300 1153 2343 Cicero
1186 2301 1333 2342 ludum
1365 2299 1656 2355 impudentiae

130 2374 236 2416 iussi
269 2373 397 2416 sunt?
447 2373 555 2416 Tum
590 2373 702 2429 quod
736 2372 884 2415 Cicero
916 2372 1051 2414 tradit
1084 2372 1308 2413 sustulisse
1342 2370 1546 2413 Crassum
1575 2370 1654 2411 La-

130 2446 246 2488 tinos
272 2445 480 2501 rhetores,
505 2445 548 2486 id
574 2459 751 2500 prorsus
780 2444 996 2487 consentit
1022 2458 1116 2485 cum
1145 2443 1204 2484 eis
1232 2443 1474 2485 rationibus
1501 2443 1655 2498 quibus

130 2517 194 2558 uti
233 2517 429 2558 solebant
472 2516 677 2570 praefecti
722 2531 890 2558 morum
928 2516 973 2556 in
1010 2516 1137 2556 rebus
1178 2515 1378 2556 mollibus
1418 2517 1460 2556 et
1503 2514 1655 2555 delica-

130 2587 315 2630 tioribus
349 2587 592 2629 coercendis
626 2587 761 2629 ueluti
793 2585 994 2641 639s115
1026 2601 1225 2628 censores
1259 2585 1413 2628 ‘artem
1447 2585 1656 2626 ludicram

133 2674 183 2701 ex
226 2659 330 2701 urbe
375 2658 678 2712 remouerunt',
728 2657 896 2712 665s89
944 2657 1166 2698 edixerunt
1208 2672 1261 2698 ne
1306 2657 1400 2711 quis
1450 2655 1656 2697 uenderet

132 2733 351 2786 unguenta
388 2729 554 2772 exotica
592 2728 720 2786 (Plin.
753 2743 794 2770 n.
818 2728 859 2770 h.
892 2727 999 2769 XIII
1027 2725 1103 2783 24)
1142 2730 1184 2769 et
1225 2729 1310 2770 alia
1351 2727 1560 2769 eiusmodi
1602 2741 1655 2767 ne

132 2802 284 2844 fierent
322 2804 396 2844 aut
432 2801 749 2856 prohibuerunt
781 2801 855 2842 aut
892 2801 1094 2842 uetarunt
1125 2801 1236 2841 teste
1269 2799 1408 2842 Plinio
1440 2799 1466 2841 l.
1493 2814 1525 2840 s.
1550 2797 1653 2841 XIV

132 2873 188 2915 95
221 2873 327 2917 VIII
353 2873 437 2916 209
470 2871 655 2915 XXXVI
680 2872 721 2916 4.
