2003 3116
348 157 403 197 30
923 149 1287 182 PROLEGOMENA.

347 259 639 304 tautummodo
667 259 710 298 in
736 256 878 297 uerbis
906 270 998 297 cum
1026 257 1082 297 acl
1105 255 1422 311 praepositione
1450 255 1698 309 compositis
1719 254 1864 309 qualia

348 336 447 374 sunt
482 330 684 384 apellatur
721 326 908 380 apamiis
946 327 1136 380 aparatio
1173 327 1341 368 acislvml
1376 327 1657 367 acommodata
1695 329 1865 368 acuraz‘a

348 403 452 458 (17,
476 403 526 442 11
571 398 633 440 IV
656 398 723 451 20,
744 398 798 439 28
844 396 864 438 I
894 398 1020 452 7,11.
1054 399 1092 452 8,
1115 398 1168 439 12
1214 396 1279 438 ΙΙΙ
1300 398 1367 451 22,
1388 397 1443 438 36
1488 396 1549 438 IV
1577 397 1643 451 16,
1663 398 1719 438 24
1750 397 1792 438 111
1825 395 1865 436 H

346 473 415 527 25,
435 471 491 514 35
518 471 562 511 in
584 467 651 526 C).
700 467 824 510 Unde
857 468 900 510 id
933 471 1045 510 certe
1079 468 1260 510 efficitur
1289 468 1401 524 quod
1434 468 1591 522 probat
1622 468 1750 509 lectio
1778 467 1866 509 cod.

345 542 386 584 H
416 541 479 584 IV
505 541 593 596 3,4
636 554 712 596 pro
758 540 898 581 aiunt:
936 540 1085 582 adimet
1121 539 1362 581 exhibentis
1405 540 1462 581 acl
1502 539 1865 595 praepositionem

346 612 599 668 compendio
638 612 681 652 in
720 611 953 666 archetypo
994 611 1198 666 scriptam
1238 611 1369 653 fuisse
1409 611 1534 653 sicuti
1572 611 1705 652 etiam
1742 610 1868 651 hodie

347 685 410 726 IV
431 684 569 739 31,42
598 682 639 724 H
665 683 799 724 habet
824 683 1177 736 quemawmzodum
1204 684 1245 723 et
1270 682 1336 723 III
1364 682 1430 737 15,
1451 683 1504 724 27
1532 697 1610 737 pro
1636 683 1868 724 admonere:

345 757 535 799 amouere
564 770 701 810 neque
735 755 818 797 alia
849 754 900 796 de
933 770 1060 796 causa
1085 755 1141 797 acl
1170 755 1429 809 praepositio
1457 754 1606 796 multis
1639 753 1743 794 10015
1776 766 1867 807 per-

347 829 446 871 iisse
485 827 675 883 putanda
713 829 788 868 est.
853 825 975 875 Quod
1002 826 1043 867 II
1074 827 1138 880 17,
1158 825 1276 868 25H
1314 826 1445 868 habet
1482 825 1703 879 suplicam'l
1739 825 1869 866 semel

347 915 444 943 cum
481 915 509 955 p
546 899 693 940 littera
730 913 817 940 non
857 898 1092 953 geminata,
1135 912 1227 939 eam
1269 896 1527 952 scripturam
1567 911 1660 938 cum
1699 896 1744 937 in
1782 895 1871 938 cod.

347 970 660 1027 Bambergensi
679 970 706 1011 b
727 970 1009 1012 recentiorum
1037 969 1201 1024 optimo
1230 983 1396 1024 semper
1422 968 1509 1010 fere
1536 969 1703 1024 legatur
1727 967 1870 1021 suplex

346 1043 567 1098 suplicium
589 1042 792 1096 suplicarc
817 1056 895 1084 1103
923 1041 1049 1082 medii
1077 1041 1170 1082 aeui
1197 1040 1390 1082 inscitiae
1417 1040 1559 1095 potius
1587 1039 1871 1081 attribuemus

349 1130 478 1172 quam
509 1116 701 1157 ueterum
737 1113 974 1155 doctrinae:
1008 1112 1121 1167 quod
1146 1112 1258 1153 idem
1285 1111 1400 1154 cadit
1425 1112 1470 1152 in
1497 1112 1756 1166 scripturam
1783 1110 1872 1152 cod.

348 1186 391 1227 H
422 1186 712 1240 oportunitates
739 1184 759 1225 I
784 1184 823 1238 9,
845 1185 899 1226 16
933 1184 1050 1225 alias.
1103 1184 1161 1225 At
1186 1183 1250 1224 IV
1272 1183 1340 1237 39,
1361 1183 1414 1225 51
1443 1188 1488 1224 Μ
1512 1183 1665 1224 habuit
1690 1182 1872 1223 testibus

347 1258 485 1299 ΗΡΠ
491 1257 524 1298 Β
557 1257 733 1299 laborem
766 1255 861 1310 fere,
906 1254 949 1296 II
982 1256 1057 1310 24,
1084 1255 1137 1296 37
1182 1256 1291 1296 teste
1333 1253 1373 1294 H
1410 1254 1586 1307 adfem'ff,
1621 1253 1683 1295 IV
1715 1253 1791 1308 44,
1817 1252 1871 1294 57

349 1329 449 1380 nole,
481 1329 551 1383 47,
572 1328 628 1370 60
654 1327 813 1381 palam,
844 1325 1001 1367 ibidem
1036 1326 1219 1367 testibus
1245 1325 1373 1366 HPB
1399 1339 1614 1379 procuras,
1646 1324 1707 1365 IV
1731 1325 1798 1379 17,
1818 1325 1874 1364 24

348 1404 477 1455 erant,
508 1398 574 1441 III
602 1399 669 1454 14,
696 1398 752 1440 25
784 1397 1081 1440 cachinnamus
1113 1396 1344 1438 secundum
1370 1395 1424 1448 H,
1458 1395 1518 1437 IV
1540 1396 1610 1451 49,
1630 1397 1685 1438 62
1718 1396 1874 1437 demon-

347 1477 587 1526 strasemus,
627 1471 665 1524 8,
690 1470 743 1511 12
775 1469 977 1511 uiolasem}
1011 1483 1088 1524 pro
1119 1469 1387 1510 uolnerasent.
1449 1467 1640 1509 Plurima
1673 1481 1773 1508 uero
1807 1481 1874 1507 ex-

350 1545 468 1585 stant
501 1541 695 1596 exempla
726 1541 799 1582 ubi
837 1555 887 1582 ex
925 1540 1181 1596 corruptelis
1221 1540 1421 1582 certiores
1460 1539 1613 1581 fiamus
1647 1537 1696 1580 de
1729 1537 1874 1579 arche-

351 1614 447 1669 typi
480 1612 800 1668 orthographia.
850 1610 997 1653 Veluti
1023 1610 1085 1652 IV
1112 1611 1150 1666 3,
1170 1611 1198 1652 4
1231 1610 1462 1652 secundum
1488 1609 1614 1651 HPB
1641 1610 1685 1651 in
1711 1617 1757 1651 M
1783 1610 1875 1650 erat

349 1699 493 1728 curare
525 1699 603 1739 pro
636 1698 772 1726 cul-erc
804 1684 966 1739 opinor,
999 1683 1067 1737 37,
1087 1682 1142 1723 49
1175 1696 1253 1737 pro
1286 1681 1336 1723 ab
1367 1684 1500 1722 errato
1531 1680 1565 1721 P
1597 1681 1728 1722 habet
1759 1679 1875 1721 habe-

348 1760 492 1799 rarato
523 1755 583 1797 H:
621 1755 789 1797 haberat
825 1755 955 1796 ratio:
987 1753 1052 1795 bis
1092 1755 1235 1795 autem
1261 1753 1443 1805 facilime
1475 1751 1623 1794 eodem
1656 1750 1781 1793 modo
1813 1751 1873 1792 in-

350 1829 521 1870 uenitur
560 1829 807 1882 corruptum
847 1840 942 1868 cum
979 1823 1042 1870 IV
1068 1825 1107 1879 9,
1130 1826 1183 1867 13
1221 1824 1298 1865 PB
1336 1824 1524 1865 habeant
1559 1823 1681 1876 facilc
1717 1836 1796 1877 mc,
1833 1821 1875 1863 H

347 1901 525 1953 facilem,
558 1898 591 1940 C
621 1898 758 1952 facile,
790 1898 858 1953 24,
879 1898 936 1939 34
968 1896 1112 1938 PBH:
1145 1896 1269 1949 facile
1300 1910 1381 1946 mc;
1415 1894 1456 1936 H
1489 1897 1531 1936 et
1563 1893 1596 1936 C
1629 1909 1704 1936 suo
1737 1893 1876 1935 Marte

352 1972 632 2013 restituerunt
652 1970 733 2012 1100
753 1971 847 2011 1000
872 1969 1091 2021 facillime:
1119 1968 1288 2023 qualem
1315 1967 1596 2009 mutationem
1624 1966 1875 2021 saepissime

352 2058 377 2084 a
409 2042 596 2083 librariis
631 2041 788 2083 factam
823 2055 915 2082 esse
955 2040 1034 2082 hoc
1068 2039 1261 2094 exemplo
1295 2038 1419 2080 facile
1451 2038 1729 2093 intellegitur.
1791 2036 1876 2077 Ita-

351 2128 432 2168 que
481 2128 581 2156 casu
622 2113 786 2156 factum
829 2127 921 2154 esse
963 2126 1040 2153 nos
1078 2125 1164 2153 non
1203 2110 1469 2153 censebimus
1512 2109 1624 2164 quod
1663 2106 1728 2149 ΠΙ
1760 2107 1874 2162 8,15

351 2185 393 2226 Π
417 2186 484 2240 18,
498 2186 551 2227 27
571 2184 614 2225 Η
635 2184 809 2239 scripsit
828 2184 1075 2238 difficilima,
1101 2182 1390 2236 clessfficz‘limtml,
1426 2183 1462 2236 1,
1491 2182 1512 2222 1
1543 2179 1575 2223 C
1608 2180 1741 2221 habet
1765 2179 1876 2232 diffi-

350 2257 493 2299 cilima
525 2259 568 2298 et
599 2255 887 2309 difficilimum.
947 2254 1037 2297 Nec
1071 2253 1210 2296 minus
1248 2254 1426 2308 dignum
1465 2253 1546 2293 erit
1579 2251 1876 2295 obseruatione

353 2329 465 2383 quod
504 2343 554 2369 ex
593 2328 791 2369 binorum
839 2328 1029 2369 locorum
1074 2326 1327 2380 corruptelis
1374 2324 1557 2366 efficitur
1595 2324 1875 2378 archetypum

351 2400 599 2454 praebuisse
631 2399 730 2440 ilius
760 2412 904 2440 narem
935 2413 1013 2452 pro
1045 2398 1160 2439 illius
1197 2410 1375 2438 narrem.
1438 2395 1550 2437 Nam
1587 2394 1652 2436 ΙΠ
1685 2395 1729 2449 6,
1759 2395 1809 2435 11
1831 2400 1876 2435 Μ

351 2471 503 2512 habuit
540 2485 617 2525 pro
656 2471 788 2512 uereri
824 2483 897 2512 2203
934 2473 979 2510 ut
1009 2470 1123 2511 illius
1152 2468 1283 2521 facta:
1321 2468 1447 2509 ueteri
1477 2480 1550 2509 nos
1581 2467 1725 2508 ‘utilius
1753 2466 1876 2519 facta,

351 2542 413 2584 IV
433 2543 503 2597 41,
530 2542 585 2584 53
618 2556 695 2596 pro
728 2543 774 2584 dc
811 2542 1004 2584 occisione
1034 2541 1168 2582 illias:
1208 2541 1255 2581 cle
1286 2539 1476 2581 occisione
1506 2538 1630 2592 filius,
1663 2539 1707 2591 3,
1732 2538 1760 2578 4
1797 2551 1875 2591 pro

351 2617 492 2656 narret
528 2614 645 2656 aliis:
683 2617 813 2655 maret
855 2614 951 2655 aliis
989 2609 1130 2669 (ΗΡ),
1169 2611 1247 2664 51,
1269 2611 1325 2652 64
1363 2625 1440 2664 pro
1478 2610 1577 2663 quid
1605 2633 1663 2639 ——
1693 2622 1876 2650 narrem:

352 2686 451 2738 quid
473 2710 521 2715 ——
538 2699 685 2738 parem
729 2699 865 2740 neque
910 2685 992 2726 alia
1037 2684 1087 2725 de
1132 2697 1260 2724 causa
1298 2681 1341 2722 Π
1374 2682 1521 2736 3Ο,47
1556 2696 1632 2736 pro
1664 2680 1872 2734 principio

353 2758 571 2798 secundum
608 2757 908 2798 warratz'onem:
943 2756 1174 2809 princzsspios
1211 2762 1260 2796 cv?
1297 2754 1456 2795 ratione
1476 2777 1534 2782 —
1554 2752 1626 2793 ubi
1658 2751 1875 2793 secundum

354 2827 604 2882 compendio
644 2827 851 2882 scriptum
889 2826 971 2868 fuit
1005 2851 1060 2855 —-
1093 2826 1317 2881 legebatur
1350 2826 1393 2866 in
1426 2824 1670 2877 archetypo,
1697 2821 1762 2863 III
1785 2822 1825 2875 4,
1849 2822 1872 2862 7
1942 2814 1955 2831 “

352 2899 542 2940 narratio
573 2899 737 2940 inciclcl:
772 2901 985 2939 mutatum
1018 2897 1099 2938 fuit
1130 2897 1173 2938 in
1205 2896 1320 2937 natio
1352 2896 1508 2938 incidet.
1567 2892 1751 2935 Constat
1785 2892 1875 2948 qui-
