2003 3116
567 133 711 164 LIBER
735 133 762 166 Ι.
814 132 912 164 CAP.
941 134 1043 165 3—5.
1094 133 1114 172 g
1139 133 1242 165 5-8.
1580 129 1659 169 191

263 238 470 281 Dociles
498 239 713 282 auditores
745 239 904 280 habere
929 239 1177 294 poterimus,
1209 239 1246 280 si
1272 253 1482 280 summam
1509 252 1662 279 causae

147 309 333 351 breuiter
365 325 624 366 exponemus
657 314 700 352 et
731 312 767 351 si
800 298 1007 352 attentos'
1022 325 1093 351 eos
1125 310 1348 365 faciemus3
1380 323 1481 351 nam
1514 309 1663 351 docilis

145 382 220 434 est,
254 381 326 435 qui
357 384 522 423 attente
547 382 645 423 uult
676 381 834 423 audire.

260 451 507 493 Attentos
527 451 794 503 habebimus,
809 450 844 491 si
859 450 1160 504 pollicebimur
1173 465 1252 492 nos
1273 450 1322 491 de
1338 452 1463 492 rebus
1485 452 1665 507 magnis,

109 523 286 574 5nouis,
327 522 542 564 inusitatis
584 521 717 563 uerba
759 521 949 562 facturos
995 524 1068 562 aut
1112 521 1161 562 de
1205 521 1279 576 iis,
1324 536 1431 576 quae
1477 522 1530 563 ad
1573 537 1662 563 rem

142 593 361 646 publicam
392 593 637 647 pertineant
669 595 742 633 aut
780 591 831 632 ad
871 606 944 633 eos
981 592 1117 646 ipsos,
1159 592 1230 646 qui
1271 592 1461 646 audient,
1499 598 1574 634 aut
1611 594 1662 634 ad

143 663 317 705 deorum
350 664 643 705 inmortalium
676 662 949 717 religionem,
984 665 1026 703 et
1058 662 1094 703 si
1128 662 1392 718 rogabimus,
1422 667 1470 704 ut
1502 667 1664 705 attente

143 734 337 788 audiant,
371 737 414 776 et
446 735 482 776 si
513 748 691 776 numero
725 748 985 788 exponemus
1017 748 1104 788 res,
1142 734 1295 788 quibus
1331 733 1380 774 de
1419 734 1545 776 rebus
1580 735 1663 776 dic-

141 805 227 847 turi
261 820 418 847 sumus.

89 890 123 914 10
259 875 540 919 Beniuolos
573 876 789 918 auditores
822 875 962 918 facere
1002 879 1200 930 quattuor
1237 875 1376 917 modis
1415 888 1700 930 possumuszs

143 947 196 988 ab
229 950 398 1002 nostra,
429 948 483 989 ab
517 947 859 989 aduersariorum
896 950 1162 1000 nostrorum,
1203 947 1256 988 ab
1297 947 1540 989 auditorum
1572 963 1665 1003 per-

142 1033 258 1070 sona,
291 1021 334 1059 et
366 1019 420 1060 ab
452 1019 578 1060 rebus
611 1019 730 1073 ipsis.

259 1089 334 1130 Ab
379 1092 558 1131 nostra
601 1103 822 1143 persona
873 1089 1208 1131 beniuolentiam
1259 1089 1581 1144 contrahemus,
1633 1091 1707 1132 si5

141 1162 336 1202 nostrum
370 1160 558 1202 officium
587 1160 677 1201 sine
718 1160 972 1215 adrogantia
1011 1160 1302 1215 laudabimus,
1335 1163 1461 1216 atque
1499 1161 1542 1202 in
1575 1176 1665 1203 rem

96 1245 128 1270 15
147 1231 366 1286 publicam
399 1231 547 1286 quales
580 1231 784 1272 fuerimus
818 1234 893 1272 aut
924 1232 968 1272 in
995 1234 1194 1286 parentes
1229 1234 1303 1273 aut
1334 1231 1378 1272 in
1405 1233 1565 1273 amicos
1593 1237 1667 1274 aut

143 1302 188 1343 in
221 1316 307 1356 eos,
339 1302 411 1356 qui
443 1302 620 1344 audiunt
653 1318 738 1341 *Η
771 1301 932 1357 aliquid
971 1302 1221 1356 referemus,
1253 1302 1353 1344 dum
1385 1303 1490 1345 haec
1523 1304 1667 1346 omnia

143 1373 195 1414 ad
228 1387 321 1414 eam
353 1373 491 1427 ipsam
523 1388 626 1428 rem,
658 1388 742 1428 qua
774 1373 823 1415 de
857 1373 1012 1428 agitur,
1046 1373 1135 1415 sint
1169 1374 1506 1417 adcommodata.
1555 1374 1665 1416 Item

143 1444 180 1485 si
212 1446 361 1486 nostra
392 1444 664 1486 incommoda
691 1444 968 1499 proferemus,
1001 1445 1202 1498 inopiam,
1236 1431 1522 1496 solitudinem,
1554 1446 1664 1487 cala·

143 1514 358 1570 mitatem,
386 1518 428 1556 et
449 1516 486 1557 si
513 1515 740 1566 orabimus,
768 1518 816 1556 ut
840 1515 966 1557 nobis
995 1516 1082 1557 sint
1108 1516 1267 1557 auxilio
1295 1518 1338 1557 et
1365 1516 1492 1557 simul
1521 1519 1665 1558 osten-

89 1601 123 1626 20
143 1586 291 1628 demus
323 1601 402 1628 nos
433 1587 478 1628 in
510 1586 606 1627 aliis
638 1587 825 1628 noluisse
859 1602 978 1640 spem
1011 1587 1179 1629 habere.

259 1658 333 1699 Ab
367 1658 778 1700 aduersariorum
812 1672 1033 1713 persona
1070 1658 1364 1701 beniuolentia
1407 1659 1664 1713 captabitur,

147 1728 182 1768 si
216 1742 288 1770 eos
319 1729 362 1769 in
396 1729 553 1784 odium,
586 1730 631 1771 in
660 1729 887 1783 inuidiam,
919 1730 964 1770 in
997 1731 1360 1784 contemptionem
1393 1730 1664 1774 adducemus.

256 1798 310 1840 In
342 1800 486 1842 odium
518 1801 748 1855 rapiemus,
780 1801 815 1842 si
847 1800 949 1856 quid
976 1815 1121 1842 eorum
1150 1816 1313 1856 spurce,
1346 1802 1538 1856 superbe,
1570 1817 1662 1857 per-

140 1869 309 1922 fidiose,
352 1872 598 1924 crudeliter,
644 1872 922 1926 confidenter,
966 1872 1200 1926 malitiose,
1244 1872 1458 1927 flagitiose
1503 1874 1662 1915 factum

88 1955 121 1981 25
140 1940 416 1996 proferemus.

258 2012 311 2054 In
336 2014 543 2056 inuidiam
569 2014 802 2068 trahemus,
828 2013 864 2055 si
890 2014 991 2069 uim,
1023 2014 1058 2054 si
1085 2015 1334 2068 potentiam,
1362 2015 1396 2055 si
1423 2016 1664 2069 factionem,

145 2083 337 2138 diuitias,
375 2085 756 2139 incontinentiam,
794 2085 1087 2137 nobilitatem,
1131 2085 1375 2138 clientelas,
1413 2086 1663 2141 hospitium,
1706 2113 1708 2115 >

143 2154 427 2210 sodalitatem,
448 2156 690 2198 adfinitates
719 2156 1064 2197 aduersariorum
1091 2156 1366 2210 proferemus,
1394 2160 1436 2198 et
1455 2156 1522 2198 his
1551 2157 1666 2198 adiu-

144 2226 300 2266 mentis
335 2227 473 2281 magis
507 2242 635 2282 quam
670 2227 843 2268 ueritati
877 2241 949 2268 eos
982 2227 1191 2268 confidere
1225 2228 1476 2282 aperiemus.

268 2396 290 2430 2
316 2395 478 2432 breuiter
503 2409 559 2432 om
584 2398 608 2432 d
657 2408 720 2432 eos
747 2408 802 2432 om
827 2397 851 2432 d
951 2396 1089 2432 dociles
1117 2397 1160 2433 b²
1245 2397 1268 2432 3
1294 2397 1325 2432 is
1353 2397 1418 2442 qui
1442 2399 1466 2432 d
1550 2398 1574 2432 4
1592 2409 1667 2431 ma-

146 2448 231 2492 gnis
257 2449 366 2484 rebus
393 2451 416 2485 d
489 2451 512 2486 5
538 2450 584 2485 iis
598 2450 734 2496 Aldus]
762 2450 818 2484 his
868 2461 1005 2495 rem.p.
1070 2451 1088 2486 7
1116 2451 1383 2486 immortalium
1451 2451 1668 2496 religionem

142 2502 320 2547 pietatem
343 2505 367 2538 d
417 2504 440 2539 8
455 2504 486 2538 si
500 2516 555 2540 om
575 2505 598 2539 d
655 2505 698 2538 de
725 2504 857 2547 quibus
883 2504 991 2538 rebus
1012 2505 1032 2538 b
1082 2505 1131 2539 10
1156 2504 1225 2538 IIII
1244 2515 1271 2538 s.
1291 2516 1318 2538 s.
1340 2516 1380 2539 or
1401 2506 1412 2539 l
1450 2505 1669 2548 quatuorbcl

143 2555 191 2590 11
213 2557 260 2591 ab
281 2560 333 2591 ter
358 2567 413 2592 om
439 2558 463 2592 d
535 2557 583 2592 12
611 2560 649 2592 et
680 2557 726 2592 ab
752 2568 808 2592 om
833 2558 857 2591 d
931 2557 980 2591 13
1007 2569 1028 2590 a
1054 2558 1078 2592 d
1159 2557 1208 2592 14
1234 2558 1448 2601 arrogantia
1497 2559 1608 2601 atque
1629 2558 1669 2592 bl

145 2610 210 2643 aut
235 2610 260 2644 d
316 2620 456 2654 rem.p.
525 2610 575 2645 16
600 2622 661 2645 eos
687 2611 786 2655 ipsos
814 2611 838 2644 d
877 2611 1046 2644 lacunam
1071 2611 1122 2644 sic
1146 2611 1220 2653 fere
1245 2611 1435 2654 suppleas:
1461 2611 1667 2654 aperiemus

151 2663 188 2695 et
219 2661 249 2696 si
283 2662 328 2696 de
366 2662 599 2697 humanitate
632 2663 888 2698 misericordia
926 2663 1124 2697 clementia
1154 2666 1281 2697 nostra
1313 2675 1386 2706 qua
1417 2663 1454 2697 in
1487 2663 1579 2698 alios
1611 2664 1669 2697 usi

142 2725 268 2749 sumus
308 2718 371 2750 aut
397 2715 433 2750 in
462 2727 523 2750 eos
551 2715 614 2759 qui
639 2715 796 2750 audiunt
912 2715 957 2748 17
987 2726 1060 2758 qua
1093 2716 1138 2749 de
1164 2716 1188 2750 d
1233 2716 1277 2749 de
1316 2726 1390 2759 qua
1416 2717 1456 2750 bl
1524 2726 1668 2750 accom-

141 2767 292 2802 modata
406 2768 456 2803 19
482 2779 628 2802 oramus
654 2769 678 2802 d
755 2770 790 2802 et
817 2778 872 2802 om
898 2768 922 2802 d
1037 2768 1267 2803 ostendimus
1294 2769 1318 2802 d
1414 2769 1464 2803 20
1489 2770 1527 2802 et
1552 2780 1617 2803 nos
1645 2770 1669 2804 cl

143 2831 245 2864 spem
270 2821 432 2856 noluisse
459 2823 484 2856 d
557 2821 605 2856 23
632 2821 661 2855 si
681 2821 770 2864 quid
797 2822 848 2856 bd
876 2821 906 2855 si
932 2821 995 2864 qiu
1021 2822 1033 2856 Z
1118 2821 1168 2855 26
1193 2821 1402 2865 potentiam
1428 2822 1460 2856 si
1485 2823 1505 2857 b
1539 2825 1668 2866 poten-

142 2872 215 2908 tias
237 2875 249 2909 l
287 2873 492 2919 potentiam
518 2876 542 2910 d
626 2874 675 2909 28
689 2874 890 2910 affinitates
918 2875 961 2909 ld
999 2874 1201 2910 affinitates
1228 2876 1247 2910 b
