2003 3116
698 131 1065 165 PROLEGOMENA.
1561 131 1644 172 103

124 240 282 280 siarum
324 254 432 294 quae
470 239 514 280 in
551 238 768 280 rhetorica
806 238 857 280 ad
890 238 992 280 Her.
1019 241 1410 281 commemorantur
1441 239 1643 295 colligere

125 310 368 352 nonnullas.
400 310 543 365 Atque
564 309 852 352 suasoriarum
868 310 1038 365 quidem
1060 310 1253 351 themata
1274 310 1378 352 haec
1398 311 1485 352 fere
1506 313 1644 352 erant:

242 380 285 437 1)
323 381 563 434 [Deliberat
601 383 792 433 senatus]
825 380 1017 436 Kartago
1049 381 1239 423 tollenda
1273 396 1328 423 an
1365 381 1644 436 relinquenda

120 453 314 494 uideatur
346 451 430 508 (III
455 453 495 507 2,
520 449 586 508 2);
619 451 728 493 conf.
755 451 805 494 de
837 451 923 494 inu.
949 451 969 492 Ι
997 453 1034 503 8,
1065 453 1130 494 11.
1167 453 1231 506 12,
1260 454 1310 494 17

239 524 284 579 2)
318 522 543 566 Consultat
568 521 800 578 Hannibal,
831 537 924 564 cum
960 538 1009 564 ex
1041 523 1167 564 Italia
1193 522 1475 578 Kartaginem
1507 538 1642 566 accer-

121 596 239 650 situr,
266 610 318 637 an
341 595 385 635 in
405 593 531 635 Italia
550 596 781 648 remaneat,
803 608 857 634 an
878 593 1050 635 domum
1072 594 1230 648 redeat,
1257 609 1309 634 an
1330 594 1374 634 in
1398 594 1641 649 Aegyptum

119 665 336 720 profectus
369 666 548 718 occupet
579 663 884 705 Alexandriam
917 662 1003 719 (ΠΙ
1036 665 1074 718 2,
1101 662 1147 719 2)

239 735 285 791 3)
318 735 541 781 Deliberat
568 736 742 775 senatus
771 734 965 789 captiuos
991 735 1173 775 redimat
1199 749 1254 775 an
1286 749 1371 776 non
1405 734 1487 790 (III
1514 736 1553 790 2,
1579 734 1642 790 2);

120 807 228 850 conf.
254 805 338 849 Cic.
366 807 416 848 de
449 820 508 848 or.
534 804 602 846 III
634 806 703 861 28,
732 805 814 847 109

237 877 283 934 4)
315 877 569 920 Deliberant
594 876 864 919 circumsessi
892 891 916 918 a
943 876 1085 919 Poeno
1114 877 1216 932 quid
1243 879 1375 931 agant
1402 876 1484 932 (ΙΙΙ
1511 878 1550 932 5,
1578 878 1642 930 8):

120 949 231 992 conf.
257 949 308 990 de
340 949 425 991 inu.
452 948 493 990 II
526 948 594 1002 57,
623 949 703 990 171

236 1019 284 1078 5)
317 1020 540 1062 Deliberat
567 1021 753 1070 senatus,
780 1019 974 1061 soluatne
1001 1019 1168 1074 legibus
1190 1018 1444 1074 Scipionem,
1471 1022 1517 1060 ut
1545 1034 1640 1061 eum

120 1092 250 1134 liceat
282 1094 380 1133 ante
412 1094 582 1146 tempus
616 1091 835 1133 consulem
868 1091 960 1131 ficri
994 1088 1077 1146 (ΙΙΙ
1111 1092 1150 1145 2,
1176 1090 1220 1145 2)

235 1161 282 1220 6)
322 1163 544 1204 Deliberat
584 1164 758 1204 senatus
796 1162 909 1203 bello
948 1161 1101 1203 Italico
1145 1162 1270 1203 sociis
1314 1163 1531 1204 ciuitatem
1573 1162 1644 1203 det

118 1249 173 1275 an
204 1249 292 1276 non
325 1233 409 1290 (ΙΙΙ
441 1235 480 1287 2,
507 1233 563 1289 2).

234 1304 353 1347 Haec
392 1319 466 1346 sex
504 1305 791 1346 suasoriarum
831 1304 1024 1346 themata
1064 1304 1209 1346 omnia
1248 1306 1419 1359 sumpta
1458 1307 1556 1346 sunt
1594 1320 1642 1346 ex

117 1376 300 1418 historia
334 1377 481 1431 populi
512 1375 711 1420 Romani.
771 1375 818 1417 In
854 1376 1009 1430 quibus
1042 1375 1083 1416 id
1118 1376 1544 1417 animaduertendum
1577 1379 1642 1417 est

116 1448 282 1489 nullum
315 1448 557 1502 exemplum
584 1462 633 1488 ex
664 1448 792 1489 rebus
826 1451 923 1488 ante
955 1447 1118 1489 bellum
1144 1447 1482 1489 Hannibalicum
1510 1447 1642 1501 gestis

117 1533 208 1561 esse
248 1519 537 1574 desumptum:
581 1533 718 1574 neque
757 1520 800 1560 in
839 1520 931 1560 toto
972 1533 1098 1573 opere
1136 1518 1320 1560 historia
1361 1533 1503 1560 rerum
1545 1521 1642 1560 ante

117 1590 277 1631 bellum
315 1589 420 1631 illud
458 1593 677 1645 gestarum
717 1588 904 1645 usquam
934 1590 1128 1644 tangitur
1169 1590 1251 1631 nisi
1285 1589 1398 1644 quod
1430 1589 1473 1629 in
1507 1589 1641 1630 decla-

116 1660 304 1703 matione
335 1660 413 1702 illa
435 1660 497 1703 IV
516 1662 586 1712 44,
607 1661 661 1703 57
690 1661 888 1703 laudatur
906 1676 1029 1706 ,mors
1056 1660 1191 1715 Decii,
1226 1661 1294 1715 53,
1315 1661 1370 1701 (36
1398 1660 1444 1702 L.
1465 1659 1639 1701 Brutus.

115 1731 227 1774 Nam
253 1731 419 1773 fallitur
441 1733 512 1787 qui
538 1735 662 1787 putat
689 1733 923 1774 suasoriam
951 1733 1124 1774 tertiam
1150 1732 1204 1773 ad
1225 1731 1405 1773 Atilium
1430 1719 1641 1786 Regulum

118 1805 308 1858 spectare
342 1803 414 1858 qui
446 1818 532 1845 non
564 1803 614 1845 de
646 1803 906 1845 redimendis
939 1804 1121 1859 captiuis
1156 1804 1308 1858 egerit,
1345 1803 1415 1844 sed
1450 1802 1499 1843 de
1533 1817 1642 1844 com-

116 1875 347 1916 mutandis:
382 1890 489 1929 quae
517 1874 681 1917 scilicet
707 1875 896 1930 pertinet
924 1875 976 1916 ad
1008 1874 1128 1916 illam
1163 1877 1336 1916 senatus
1370 1874 1641 1915 deliberatio-

115 1960 213 1987 nem
246 1945 403 1988 factam
435 1949 534 2000 post
567 1946 728 1987 cladem
757 1944 1026 1987 Cannensem
1060 1946 1109 1987 de
1137 1961 1221 2000 qua
1251 1946 1359 1987 conf.
1385 1945 1640 1999 interpretes

117 2016 169 2058 ad
202 2015 286 2060 Cic.
318 2017 366 2058 de
400 2018 468 2060 off.
493 2016 558 2059 III
586 2018 661 2068 32,
690 2018 772 2059 113
805 2015 826 2057 Ι
854 2017 927 2071 13,
954 2016 1009 2058 39
1042 2016 1107 2057 ΙΙΙ
1134 2017 1209 2071 26,
1236 2018 1303 2058 99.
1355 2015 1436 2057 Sex
1469 2016 1641 2058 illarum

117 2088 407 2130 suasoriarum
441 2088 716 2130 celeberrima
748 2088 879 2130 tertia
917 2090 982 2128 est
1015 2102 1122 2142 quae
1162 2088 1374 2128 mansisse
1406 2087 1449 2128 in
1483 2087 1640 2129 scholis

116 2159 286 2200 uidetur
319 2173 452 2214 usque
485 2159 538 2200 ad
570 2157 779 2200 Hadriani
821 2161 1035 2212 tempora:
1076 2157 1184 2200 conf.
1219 2157 1481 2199 simillimam
1518 2158 1638 2200 illam

116 2245 245 2286 quam
269 2230 488 2272 quenalis
521 2229 632 2272 ridet
664 2229 750 2272 VII
784 2230 869 2272 160
907 2229 1042 2272 ecuius
1076 2229 1184 2271 mihi
1217 2232 1337 2271 sexta
1372 2243 1538 2284 quaque
1572 2229 1639 2270 die

116 2302 320 2344 miserum
348 2301 463 2343 dirus
490 2303 618 2357 caput
643 2300 864 2343 Hannibal
891 2301 1056 2357 implet,
1088 2301 1293 2356 quidquid
1320 2301 1362 2342 id
1388 2303 1453 2341 est
1480 2299 1528 2341 de
1556 2315 1639 2355 quo

117 2373 338 2428 deliberat,
360 2388 414 2415 an
434 2375 554 2429 petat
580 2373 728 2415 urbem
750 2388 774 2414 a
794 2371 966 2427 Cannis,
993 2387 1048 2414 an
1073 2374 1174 2427 post
1198 2372 1369 2413 nimbos
1396 2374 1439 2413 et
1458 2371 1640 2413 fulmina

116 2447 266 2487 cautus
287 2444 550 2500 circumagat
564 2444 758 2486 madidas
780 2459 804 2486 a
823 2446 1081 2499 tempestate
1096 2442 1324 2486 cohortes⁷.
1355 2442 1505 2498 Neque
1520 2442 1637 2484 dubi-

114 2516 293 2558 tandum
320 2517 384 2556 est
411 2515 514 2570 quin
539 2516 625 2557 iam
645 2518 839 2570 tempore
861 2515 1038 2557 Sullano
1060 2514 1281 2557 extiterint
1300 2515 1407 2556 tales
1429 2514 1638 2556 declama-

114 2587 279 2629 tionum
306 2586 593 2641 collectiones,
625 2587 771 2641 quales
797 2587 923 2628 hodie
950 2586 1194 2628 etiamnunc
1226 2588 1397 2627 exstant
1428 2600 1451 2626 a
1478 2583 1638 2627 Seneca

116 2658 213 2700 aliis
251 2657 526 2712 compositae.
587 2657 702 2699 Nam
740 2657 793 2699 ad
828 2656 930 2699 Her.
955 2656 976 2698 I
1002 2657 1041 2711 3,
1066 2657 1093 2699 5
1132 2656 1334 2712 legimus:
1379 2655 1638 2698 ‘Honestum

115 2743 268 2772 causae
295 2742 429 2784 genus
455 2730 632 2783 putatur
659 2742 754 2769 cum
781 2731 856 2769 aut
885 2728 927 2769 id
960 2727 1238 2782 defendimus,
1269 2727 1381 2782 quod
1414 2727 1467 2768 ab
1502 2727 1637 2769 omni-

114 2801 195 2842 bus
216 2798 529 2842 defendendum
550 2799 721 2840 uidetur
746 2801 821 2841 aut
845 2798 1192 2855 obpugnabimus
1217 2798 1329 2853 quod
1356 2798 1409 2839 ab
1437 2798 1636 2840 omnibus

118 2871 286 2912 uidetur
312 2870 553 2926 obpugnari
579 2870 745 2925 debere,
771 2872 819 2912 ut
841 2885 918 2925 pro
945 2871 1037 2912 uiro
1058 2870 1162 2912 forti
1183 2872 1329 2911 contra
1349 2869 1634 2925 parricidam.²
