2003 3116
657 109 1022 147 PROLEGOMENA.
1537 110 1558 149 7
1567 110 1587 150 1

193 214 354 257 Deinde
370 215 621 265 Quintilano
640 215 891 259 Cornificius
911 217 982 258 ille
1003 218 1178 259 minime
1199 220 1264 260 est
1282 219 1388 260 artis
1409 219 1592 274 scriptor

75 287 164 328 siue
195 286 508 342 τεχνογράφος,
540 288 613 329 sed
639 289 822 343 scriptor
853 287 951 342 περὶ
978 288 1211 343 σχημάτων
1244 289 1333 331 siue
1360 289 1410 331 de
1440 289 1592 345 figuris

72 372 209 413 neque
231 358 428 413 componi
453 359 563 400 solet
582 374 678 401 cum
698 359 965 415 Hermagora
986 360 1252 414 Apollodoro
1273 360 1497 403 Theodoro
1518 361 1592 402 sed

74 444 170 471 cum
197 428 359 471 Rutilio
386 428 570 472 Caecilio
600 430 818 485 Dionysio.
864 430 1011 472 Veluti
1030 430 1092 472 IX
1112 432 1150 485 3,
1172 432 1226 473 89
1260 432 1334 474 ubi
1366 432 1416 473 de
1442 432 1591 487 figuris

74 501 217 556 agitur
235 500 341 542 haec
367 500 566 555 legimus:
612 499 749 542 ‘Haec
777 502 921 542 omnia
944 501 1159 556 copiosius
1187 504 1288 543 sunt
1308 504 1493 544 exsecuti
1520 503 1592 558 qui

75 586 161 613 non
194 574 240 613 ut
270 573 438 626 partem
472 571 612 626 operis
644 574 988 613 transcurrerunt
1020 572 1092 613 sed
1124 572 1296 628 proprie
1328 573 1462 615 libros
1495 574 1593 615 huic

75 643 194 698 operi
233 641 536 684 dedicauerunt
571 643 681 685 sicut
714 643 921 685 Caecilius
954 643 1188 698 Dionysius
1220 644 1412 686 Rutilius
1445 644 1590 688 Corni—

71 713 191 755 ficius
206 712 409 755 Visellius
431 713 590 769 aliique
615 728 703 756 non
730 714 885 768 pauci.9
920 714 978 756 Et
999 715 1072 757 98:
1105 714 1266 757 ‘Adicit
1291 716 1358 757 his
1380 714 1590 758 Caecilius

72 786 341 840 περίφρασιν
373 784 423 826 de
456 799 540 840 qua
572 784 675 839 dixi,
715 783 969 827 Cornificius
1004 786 1387 841 interrogationem
1422 802 1455 829 e.
1488 802 1526 842 q.
1560 803 1592 830 s.

69 855 178 897 Item
205 855 392 898 Rutilius
424 859 593 911 praeter
626 871 676 898 ea
703 871 812 912 quae
846 857 958 912 apud
997 857 1104 899 alios
1132 873 1300 913 quoque
1334 862 1446 913 sunt,
1481 873 1587 913 παρ·
1643 901 1647 904 ,

68 927 328 982 ομολογίαν’
363 942 394 970 e.
428 942 466 983 q.
498 943 548 969 s.:
591 927 699 970 conf.
726 928 792 970 91.
856 928 992 983 Atqui
1023 928 1069 970 in
1101 929 1223 970 libris
1259 929 1310 971 ad
1337 929 1436 971 Her.
1468 945 1591 985 prae-

68 1001 191 1054 cepta
224 999 273 1040 de
306 999 456 1054 figuris
474 1013 581 1053 pars
607 1000 738 1053 operis
771 1002 871 1041 sunt
904 1000 1030 1041 sicuti
1062 1000 1106 1040 in
1135 999 1389 1049 Quintiliani
1421 1000 1590 1042 institu-

68 1071 183 1112 tione
217 1085 353 1125 neque
379 1070 535 1112 librum
557 1070 618 1112 IV
644 1073 784 1112 totum
811 1071 1033 1112 continent
1059 1071 1130 1112 sed
1160 1071 1264 1113 duas
1291 1072 1590 1114 tantummodo

66 1144 210 1196 partes
249 1156 385 1196 neque
424 1142 598 1184 omnino
639 1142 850 1197 ampliora
890 1145 988 1183 sunt
1027 1146 1100 1184 aut
1139 1143 1420 1197 locupletiora
1462 1158 1588 1199 quam

68 1212 324 1262 Quintiliani
367 1216 607 1269 praecepta.
674 1212 826 1268 Itaque
872 1212 1092 1256 Cornificii
1135 1214 1254 1256 illius
1298 1229 1404 1269 opus
1451 1215 1589 1257 simile

68 1288 160 1326 erat
198 1287 324 1339 atque
365 1284 470 1326 illud
508 1285 661 1326 Rutilii
701 1285 812 1340 quod
853 1285 1062 1327 habemus
1102 1288 1145 1327 et
1177 1284 1353 1328 Caecilii
1386 1287 1498 1341 quod
1539 1302 1590 1329 ex

67 1355 238 1397 Tiberio
284 1358 326 1397 et
371 1355 616 1397 Alexandro
661 1357 734 1410 qui
777 1357 879 1397 item
925 1357 1096 1412 proprie
1141 1357 1238 1399 huic
1283 1357 1403 1412 operi
1454 1358 1589 1401 libros

67 1426 371 1468 dedicauerunt
416 1427 488 1482 qui
532 1426 776 1469 etiamnunc
822 1430 995 1469 exstant
1040 1428 1126 1469 fere
1164 1428 1389 1470 restituere
1434 1429 1590 1471 licebit.

69 1499 212 1553 Atque
244 1499 394 1552 nequis
428 1498 542 1540 dicat
575 1513 625 1539 ex
658 1498 719 1540 eis
754 1514 861 1553 quae
891 1514 1019 1554 supra
1045 1515 1084 1554 p.
1106 1500 1144 1541 4.
1166 1500 1192 1541 5
1220 1499 1438 1555 disputaui
1463 1500 1589 1542 facile

66 1583 192 1623 posse
224 1569 356 1611 statui
389 1568 704 1619 Quintilianum
737 1570 819 1612 duo
854 1574 1042 1612 extrema
1079 1573 1249 1613 tantum
1281 1570 1414 1613 totius
1449 1571 1588 1626 operis

66 1640 269 1682 habuisse
289 1641 521 1696 uolumina,
541 1641 622 1683 hoc
643 1641 751 1683 addo
771 1656 898 1696 posse
918 1656 970 1683 ne
993 1642 1053 1683 eis
1075 1642 1245 1696 quidem
1264 1641 1444 1697 integris
1466 1657 1588 1683 usum

71 1726 162 1754 esse
196 1711 528 1762 Quintilianum:
562 1727 661 1754 nam
694 1728 801 1768 quae
834 1713 886 1755 ad
919 1712 1020 1755 Her.
1046 1712 1109 1755 IV
1136 1714 1204 1767 31,
1224 1713 1411 1767 42—35‚
1431 1714 1485 1755 47
1521 1728 1588 1756 ex-

69 1786 187 1826 stant
217 1786 446 1839 praecepta
477 1784 527 1826 (le
559 1784 696 1839 tropis
724 1784 900 1827 adiectis
928 1785 1146 1840 exemplis,
1179 1800 1326 1827 eorum
1354 1785 1512 1827 similia
1540 1799 1589 1826 ex

67 1855 142 1898 illo
180 1854 409 1898 Cornificio
454 1871 667 1911 nusquam
709 1856 873 1912 profert
911 1855 1198 1905 Quintilianus
1243 1856 1316 1898 ubi
1362 1857 1411 1897 de
1451 1856 1588 1911 tropis

69 1925 169 1981 egit.
218 1925 368 1981 Itaque
395 1927 634 1968 rectissime
660 1927 784 1969 illum
811 1927 1064 1983 scriptorem
1093 1927 1199 1969 dixit
1224 1926 1323 1980 περὶ
1345 1927 1587 1982 σχημάτων.

186 1996 303 2039 Haec
336 1997 418 2039 duo
452 2002 706 2054 argumenta
739 2013 834 2040 cum
866 2013 942 2054 per
975 2013 1018 2040 se
1049 1999 1142 2040 sola
1174 1999 1371 2040 nonnihil
1405 1999 1589 2053 ualeant,

68 2069 181 2111 inter
212 2083 257 2111 se
291 2068 517 2111 coniuncta
550 2073 592 2111 et
623 2069 872 2112 firmissima
905 2072 947 2111 et
981 2070 1238 2125 grauissima
1271 2070 1461 2112 omnium
1494 2084 1588 2111 esse

68 2140 384 2182 concedendum
428 2143 505 2182 est.
572 2141 639 2182 Ex
686 2142 744 2182 eis
791 2156 897 2196 quae
943 2141 1118 2190 Quintil.
1152 2140 1217 2182 III
1253 2143 1294 2194 1,
1326 2142 1379 2183 21
1426 2141 1588 2196 posuit:

67 2210 265 2267 ‘Scripsit
309 2211 359 2252 de
405 2210 551 2253 eadem
596 2211 777 2253 materia
820 2227 907 2254 non
951 2227 1087 2267 pauca
1133 2210 1403 2266 Cornificius,
1447 2212 1590 2267 aliqua

69 2281 315 2336 Stertinius,
364 2281 563 2323 nonnihil
612 2284 735 2337 pater
782 2281 944 2338 Gallio,
994 2283 1232 2324 accuratius
1279 2298 1378 2325 uero
1423 2283 1588 2338 priores

67 2353 263 2395 Gallione
297 2351 444 2395 Celsus
478 2359 520 2395 et
552 2353 718 2395 Laenas
752 2356 794 2395 et
827 2354 980 2396 aetatis
1013 2356 1184 2396 nostrae
1211 2353 1460 2410 Verginius,
1502 2353 1588 2395 Pli-

65 2425 174 2476 nius,
206 2424 406 2467 Tutilius’
438 2425 482 2468 id
515 2428 627 2468 certe
663 2426 845 2468 efficitur
877 2441 974 2468 cum
1007 2426 1067 2467 eis
1095 2427 1168 2481 qui
1194 2429 1308 2468 artes
1335 2427 1450 2467 totas
1477 2440 1588 2467 com-

65 2500 302 2551 posuerunt
345 2498 517 2552 copiose
562 2500 602 2538 et
648 2500 843 2539 accurate
888 2497 1034 2552 quales
1084 2500 1183 2538 sunt
1227 2496 1392 2539 Plinius
1438 2495 1587 2539 Celsus

66 2567 301 2623 Verginius
352 2582 437 2609 non
487 2568 725 2610 consociari
776 2566 1073 2618 Cornificium,
1131 2568 1204 2609 sed
1260 2583 1355 2610 cum
1406 2567 1465 2609 eis
1516 2568 1588 2622 qui

64 2653 148 2681 non
196 2652 351 2692 pauca,
407 2639 567 2692 aliqua,
622 2638 812 2680 nonnihil
862 2638 911 2679 de
969 2639 1184 2681 rhetorica
1240 2639 1588 2693 conscripserint.

65 2709 180 2752 ¹Usus
219 2713 361 2757 autem
406 2712 471 2751 est
510 2709 797 2759 Quintilianus
837 2707 1056 2752 Cornificii
1099 2710 1207 2751 libro
1253 2710 1302 2751 de
1341 2709 1490 2765 figuris
1537 2725 1586 2753 eo

66 2795 149 2836 quo
188 2782 326 2823 solent
363 2781 527 2836 antiqui
564 2784 711 2836 pacto:
750 2775 850 2822 nam
887 2780 1016 2836 longe
1053 2781 1240 2836 plurima
1278 2781 1505 2837 exscripsit
1536 2796 1587 2823 ex

65 2852 206 2908 priore
244 2852 334 2894 eius
373 2854 495 2908 parte
533 2851 579 2894 in
618 2866 700 2907 qua
738 2852 934 2906 σχήματα
978 2851 1132 2902 λέξεως
1176 2854 1315 2908 erant,
1360 2852 1412 2894 ad
1456 2852 1585 2895 finem
