2003 3116
332 112 414 152 122
906 111 1273 144 PROLEGOMENA.

329 220 434 262 ὅταν
481 220 632 260 οἰκεῖοι
676 215 786 259 ὦσιν
830 218 877 258 οἱ
920 216 1263 266 ἀκούοντες...
1294 215 1501 272 τέταρτον
1545 217 1651 259 ὅταν
1696 218 1848 272 ὀλίγον

328 290 619 344 λαμβάνωμεν
651 287 772 341 ὕδωρ
804 291 892 330 κτλ.

445 359 672 400 Praeterea
700 374 828 413 supra
854 358 1040 400 uidimus
1073 358 1304 400 secundum
1339 358 1597 400 sententiam
1630 360 1849 414 scriptoris

330 430 381 471 ad
408 429 508 471 Her.
534 429 577 470 in
605 430 808 484 exemplis
842 429 954 471 idem
987 444 1079 471 esse
1105 428 1362 471 Graecorum
1396 429 1558 483 scripta
1589 429 1640 471 ad
1673 431 1848 472 uerbum

329 501 560 555 compilare
594 502 723 555 atque
756 515 870 542 noua
902 501 1040 555 ipsum
1070 501 1247 556 gignere
1275 503 1316 542 et
1341 515 1500 555 parere.
1552 500 1713 550 Quodsi
1739 501 1849 543 idem

330 571 515 626 scriptor
546 572 573 614 1.
600 586 630 613 S.
657 573 718 613 ait
757 571 926 613 ‘Adhuc
965 586 1071 626 quae
1111 571 1225 613 dicta
1264 573 1364 613 sunt
1396 571 1582 614 arbitror
1614 572 1719 613 mihi
1752 587 1850 615 con-

332 645 446 684 stare
493 657 588 684 cum
634 643 784 685 ceteris
831 643 933 684 artis
977 642 1259 697 scriptoribus
1303 643 1387 684 nisi
1430 643 1529 697 quia
1572 642 1622 684 de
1663 643 1851 686 insinua—

329 714 520 755 tionibus
558 728 672 773 noua
705 713 1064 767 excogitauimus,
1104 712 1214 767 quod
1248 727 1341 754 eam
1377 713 1455 754 soli
1487 715 1658 768 praeter
1689 716 1851 756 ceteros

331 786 373 827 in
418 786 501 827 tria
544 780 741 839 tempora
787 783 1041 838 diuisimus’,
1092 799 1140 825 ea
1186 783 1416 826 secundum
1461 783 1581 825 illam
1632 785 1852 839 scriptoris

329 857 538 898 rationem
567 871 649 911 qua
680 855 830 898 alienis
863 855 998 897 utitur
1032 855 1232 896 audacter
1264 855 1371 896 nihil
1403 855 1594 896 indicant
1625 856 1706 897 nisi
1740 857 1852 910 apud

330 927 507 969 Latinos
547 927 652 969 artis
691 927 922 981 scriptores
967 941 1057 968 sese
1096 927 1280 981 primum
1322 925 1432 968 hanc
1475 927 1704 981 protulisse
1747 927 1852 968 diui-

329 999 504 1040 sionem.
560 998 734 1040 Etenim
768 1013 863 1039 cum
896 997 945 1039 de
981 997 1152 1039 Graecis
1186 998 1466 1052 scriptoribus
1500 998 1653 1052 agitur,
1687 1013 1854 1053 semper

329 1070 522 1111 additum
555 1070 740 1125 legimus
775 1085 931 1111 nomen
965 1069 1146 1112 Graecus
1179 1069 1313 1111 ueluti
1345 1068 1366 1110 Ι
1396 1070 1432 1124 1,,
1460 1070 1481 1110 1
1516 1068 1581 1110 ΙΙΙ
1608 1070 1676 1121 23,
1703 1070 1757 1111 38
1790 1069 1854 1111 IV

331 1142 369 1195 1,
398 1142 434 1183 1.
468 1142 505 1195 7,
535 1142 588 1182 10
619 1156 756 1196 neque
783 1140 844 1182 IV
873 1142 910 1196 7,
941 1142 993 1183 10
1025 1155 1161 1196 neque
1190 1141 1363 1183 omnino
1397 1141 1482 1182 ullo
1516 1141 1610 1182 loco
1646 1155 1737 1182 sese
1768 1142 1853 1195 pri-

330 1227 444 1253 mum
480 1212 671 1254 omnium
705 1213 754 1254 de
787 1212 954 1254 ratione
989 1212 1151 1254 dicendi
1188 1212 1296 1266 apud
1324 1212 1540 1253 Romanos
1577 1211 1720 1266 aliqua
1752 1212 1855 1253 sert

328 1283 427 1324 bere
468 1285 668 1325 conatum
707 1298 799 1325 esse
839 1284 1023 1337 scriptor
1063 1283 1114 1324 ad
1154 1283 1251 1326 Her.
1293 1298 1420 1324 ausus
1460 1285 1525 1324 est
1566 1283 1853 1337 pronuntiare.

329 1354 440 1396 Tum
485 1354 588 1395 illud
632 1355 773 1410 ipsum
812 1355 862 1396 de
901 1370 983 1410 quo
1027 1355 1168 1410 agitur
1209 1354 1476 1396 enuntiatum
1515 1354 1645 1396 addas
1685 1357 1855 1409 oportet

331 1426 390 1468 eis
419 1426 709 1482 compluribus
737 1441 844 1481 quae
877 1441 953 1481 per
978 1427 1117 1468 iocum
1151 1441 1200 1468 ex
1234 1441 1351 1468 more
1378 1425 1705 1467 Pharisaeorum
1741 1425 1855 1467 dicta

330 1498 512 1539 diximus
553 1513 683 1552 supra
717 1513 756 1553 p.
785 1499 838 1540 87
885 1512 966 1553 quo
1013 1497 1152 1553 magis
1199 1498 1403 1552 appareat
1446 1511 1572 1551 quam
1618 1511 1854 1551 propensus

328 1568 460 1611 fuisse
487 1569 559 1610 ille
587 1569 643 1611 sit
669 1569 885 1624 putandus
913 1569 965 1611 ad
994 1568 1203 1611 eiusmodi
1237 1568 1470 1610 sententias
1504 1568 1608 1610 satis
1642 1568 1853 1623 gloriosas

330 1640 629 1682 enuntiandas.

446 1711 564 1767 Ergo
603 1726 681 1754 nos
721 1727 771 1753 ex
810 1711 896 1753 illis
935 1711 1039 1753 locis
1077 1711 1189 1752 inter
1231 1726 1275 1752 se
1310 1711 1569 1766 comparatis
1602 1710 1711 1752 nihil
1745 1711 1854 1753 effici

330 1797 550 1824 censemus
591 1784 674 1824 nisi
707 1783 788 1824 hoc
822 1798 951 1824 unum
986 1785 1120 1823 artem
1153 1782 1272 1823 illam
1306 1781 1513 1824 Graecam
1547 1797 1674 1836 quam
1708 1784 1855 1824 auctor

329 1854 538 1895 librorum
579 1854 631 1895 ad
662 1854 762 1895 Her.
791 1855 960 1896 secutus
1002 1853 1229 1921 sit-,aetate
1263 1854 1447 1908 priorem
1482 1853 1614 1895 fuisse
1647 1868 1696 1894 ea
1728 1868 1854 1908 quam

331 1924 547 1966 Ciceronis
579 1927 832 1980 praeceptor
864 1925 906 1965 in
939 1925 1131 1979 linguam
1165 1924 1361 1966 Latinam
1396 1925 1697 1965 transtulerat:
1742 1924 1854 1979 quod

332 2010 478 2037 omnes
506 1997 576 2051 qui
603 1999 827 2050 utramque
862 1996 969 2037 bene
1000 1998 1214 2037 nouerunt
1236 2020 1285 2025 —-
1310 2010 1568 2050 quamquam
1602 1994 1728 2036 hodie
1762 2010 1855 2049 per-

331 2067 456 2123 pauci
488 2067 621 2109 libros
655 2067 704 2108 de
737 2068 821 2108 inu.
855 2069 1052 2108 accurate
1083 2068 1298 2122 legerunt,
1329 2066 1551 2121 pauciores
1584 2067 1697 2108 recte
1729 2066 1855 2107 intel-

330 2141 526 2181 lexerunt
549 2163 597 2169 —
623 2154 673 2180 ex
700 2139 852 2180 ceteris
878 2139 1118 2193 praeceptis
1147 2138 1392 2180 confirmari
1418 2137 1659 2180 concedent.
1709 2136 1855 2178 Veluti

331 2211 438 2252 conf.
461 2225 568 2265 quae
596 2211 796 2265 leguntur
816 2209 866 2250 ad
889 2209 988 2250 Her.
1009 2209 1029 2250 Ι
1053 2211 1119 2264 11,
1146 2211 1215 2251 18:
1248 2208 1501 2251 ‘Causarum
1529 2208 1856 2250 constitutiones

331 2282 405 2323 alii
443 2283 646 2336 quattuor
684 2281 892 2321 fecerunt:
932 2282 1079 2321 noster
1117 2281 1265 2323 doctor
1298 2283 1384 2321 tres
1420 2280 1590 2334 putauit
1623 2294 1733 2333 esse⁷
1770 2293 1856 2320 non

331 2354 379 2394 ut
411 2353 461 2393 de
494 2352 667 2392 illorum
700 2350 927 2404 quicquam
961 2350 1206 2391 detraheret
1237 2350 1498 2403 inuentione,
1531 2349 1603 2390 sed
1635 2351 1682 2390 ut
1714 2352 1855 2390 osten-

332 2424 451 2464 deret
488 2423 529 2463 id
564 2421 674 2476 quod
715 2421 976 2475 oportuisset
1015 2421 1268 2475 simpliciter
1301 2435 1349 2462 ac
1383 2421 1593 2475 singulari
1626 2420 1752 2461 modo
1785 2420 1855 2461 do-

333 2508 443 2548 cere,
483 2493 581 2534 illos
616 2491 884 2533 distribuisse
918 2491 1143 2546 dupliciter
1176 2493 1217 2532 et
1249 2490 1485 2545 bipertito?
1546 2490 1704 2533 Parum
1738 2505 1851 2533 accu-

332 2566 424 2605 rate
470 2563 632 2605 Graeca
677 2563 857 2604 uertisse
904 2566 1084 2617 apparet
1128 2562 1362 2616 rhetorem,
1413 2562 1615 2616 quoniam
1661 2564 1855 2616 quartam

335 2635 686 2676 constitutionem
726 2648 813 2674 non
851 2634 995 2688 plures
1035 2635 1306 2688 inuenerunt,
1346 2634 1415 2674 sed
1457 2635 1566 2674 teste
1601 2631 1803 2673 Cicerone
1837 2632 1855 2673 Ι

335 2706 496 2759 11,16;
530 2704 685 2746 ‘Huius
717 2705 1036 2746 constitutionis
1058 2705 1328 2758 Hermagora
1355 2705 1551 2745 inuentor
1586 2717 1677 2744 esse
1711 2703 1856 2743 existi-

338 2778 489 2829 matur,
521 2791 608 2817 non
636 2790 719 2830 quo
745 2790 831 2817 non
857 2776 920 2817 usi
951 2777 1038 2817 sint
1065 2791 1113 2818 ea
1139 2778 1302 2817 ueteres
1339 2777 1531 2817 oratores
1565 2787 1689 2827 saepe
1721 2773 1857 2827 multi,

338 2845 410 2887 sed
440 2847 538 2900 quia
563 2861 649 2887 non
679 2846 1074 2889 animaduerterunt
1099 2847 1203 2888 artis
1232 2847 1462 2900 scriptores
1490 2859 1581 2886 eam
1616 2844 1855 2898 superiores
