2003 3116
330 122 412 162 134
904 118 1268 152 PROLEGOMENA.

327 244 418 272 esse
461 228 513 270 ad
558 226 809 269 soluendum
855 225 956 280 quia
999 227 1193 266 ueterum
1237 224 1493 279 scriptorum
1536 224 1842 267 rhetoricorum

326 303 497 355 praeter
523 298 619 339 illos
646 296 702 340 M.
724 294 902 338 Catonis
929 298 972 338 et
997 295 1053 337 M.
1074 294 1254 337 Antonii
1285 293 1455 337 libellos
1483 295 1688 337 memoria
1718 296 1843 338 hodie

328 372 445 412 extat
476 368 605 410 nulla.
664 367 745 409 Sed
784 381 836 408 ne
874 367 955 409 hac
987 382 1031 408 re
1071 366 1276 409 commoti
1314 366 1455 408 nullos
1489 365 1697 408 eiusmodi
1727 381 1844 420 prae-

327 444 444 482 terea
482 440 616 481 libros
657 438 872 480 exstitisse
913 439 1170 480 arbitremur
1209 451 1469 492 magnopere
1501 436 1736 478 cauendum
1769 439 1846 479 est.

327 511 476 566 Neque
518 511 631 552 enim
673 510 792 552 illam
831 524 1064 564 puerorum
1105 508 1343 551 doctrinam
1382 523 1510 563 quam
1550 521 1686 562 neque
1727 522 1846 562 prae-

327 582 482 624 textati
526 582 730 637 legebant
773 581 897 623 libris
943 580 1230 635 conscriptam
1275 579 1374 634 quia
1423 579 1575 620 melius
1620 580 1712 620 erat
1756 593 1848 620 eam

329 653 474 696 audire
518 667 655 708 neque
701 652 837 694 adulti
883 637 982 707 quia
1027 653 1102 693 aut
1144 651 1354 693 nouerant
1398 652 1471 691 aut
1519 650 1850 691 contemnebant

329 725 456 768 sicuti
483 739 611 779 supra
636 739 677 779 p.
699 724 753 765 76
781 723 1045 765 ostendimus
1074 736 1226 777 operae
1255 723 1346 763 erat
1371 721 1557 776 pretium
1585 724 1658 763 aut
1684 721 1851 776 byblio-

329 796 441 851 polis
479 809 717 851 proponere
755 795 951 837 uenalem
992 797 1065 837 aut
1098 793 1343 836 doctoribus
1383 793 1426 834 in
1458 792 1748 834 uoluminibus
1782 792 1851 834 de-

331 867 530 911 scribere:
564 866 677 922 quod
705 866 741 908 si
768 866 972 908 fecissent
998 866 1116 908 lucro
1145 879 1220 906 suo
1253 864 1444 905 inuidere
1476 864 1558 905 uisi
1590 865 1732 905 essent
1757 863 1853 918 ipsi.

330 938 424 980 Hoc
464 938 632 980 saeculo
673 937 953 980 scholasticos
989 937 1122 979 libros
1155 950 1280 978 nemo
1314 935 1450 990 pretio
1485 935 1588 976 emit
1620 933 1704 976 nisi
1737 934 1855 976 scho-

330 1010 526 1052 lasticus:
560 1009 672 1064 apud
705 1010 907 1064 antiquos
941 1007 1149 1051 eiusmodi
1178 1007 1310 1049 libros
1337 1021 1433 1049 raro
1463 1006 1680 1049 scribebat
1707 1005 1857 1048 doctor

333 1082 405 1135 qui
437 1081 685 1136 plerumque
719 1080 910 1122 dictabat
948 1082 1178 1135 praecepta
1211 1078 1470 1121 discentibus
1504 1077 1614 1120 unde
1647 1091 1857 1120 commen-

332 1152 432 1194 tarii
458 1152 525 1193 illi
556 1152 647 1194 nati
681 1155 781 1194 sunt
815 1150 1061 1193 scholastici
1093 1150 1142 1192 de
1175 1149 1327 1205 quibus
1362 1164 1490 1204 supra
1522 1164 1561 1204 p.
1589 1149 1645 1191 80
1679 1149 1857 1204 egimus.

334 1224 392 1264 At
432 1223 468 1265 si
507 1223 846 1265 consideraueris
886 1237 1012 1278 quam
1050 1236 1188 1277 pauca
1228 1221 1434 1263 eiusmodi
1478 1221 1638 1275 scripta
1679 1234 1856 1275 quorum

334 1309 534 1336 numerus
573 1294 705 1336 fuisse
746 1293 961 1349 putandus
995 1299 1059 1335 est
1090 1294 1324 1334 immensus
1359 1291 1410 1333 ad
1442 1291 1553 1334 hanc
1585 1291 1859 1347 peruenerint

337 1367 535 1420 aetatem,
563 1365 597 1406 si
619 1364 866 1407 memineris
889 1362 1103 1406 Ciceronis
1130 1363 1388 1418 partitiones
1411 1362 1618 1405 oratorias
1640 1365 1856 1405 auctorem

334 1438 476 1492 ipsum
511 1450 597 1478 non
637 1448 887 1491 agnoscere,
925 1433 1183 1476 rhetoricam
1217 1432 1270 1474 ad
1302 1431 1402 1475 Her.
1436 1448 1459 1474 a
1491 1434 1660 1475 nemine
1692 1433 1859 1476 laudari

336 1522 412 1562 per
443 1507 580 1549 multa
607 1506 788 1561 saecula,
821 1505 921 1547 dum
949 1503 1166 1546 Ciceronis
1198 1503 1371 1545 nomine
1404 1506 1528 1546 aucta
1560 1504 1702 1559 fuerit,
1734 1503 1858 1547 facile

338 1579 542 1622 concedes
581 1582 751 1634 praeter
785 1577 890 1619 duos
930 1577 1026 1619 illos
1060 1577 1109 1618 de
1145 1576 1359 1618 rhetorica
1390 1576 1524 1618 libros
1557 1576 1715 1618 multos
1748 1576 1857 1618 alios

338 1650 506 1693 saeculo
534 1666 568 1692 a.
591 1648 664 1692 Ch.
688 1650 824 1691 altero
852 1648 1056 1691 extitisse.
1107 1646 1280 1690 Scilicet
1304 1647 1520 1689 rhetorica
1540 1647 1699 1703 populo
1722 1646 1857 1697 Quiri-

337 1722 445 1764 tium
478 1723 520 1763 et
559 1721 705 1764 utilior
738 1723 780 1762 et
817 1719 1123 1762 conducibilior
1161 1719 1254 1761 uisa
1287 1733 1378 1761 esse
1410 1719 1601 1774 putanda
1634 1721 1699 1761 est
1732 1733 1859 1774 quam

338 1792 621 1848 grammatica
660 1795 702 1834 et
739 1806 888 1834 reuera
924 1791 1044 1846 prius
1083 1792 1127 1832 in
1166 1791 1314 1832 urbem
1354 1792 1418 1832 est
1448 1789 1639 1842 inuecta,
1674 1789 1858 1832 Poenico

339 1863 451 1906 bello
485 1863 682 1919 secundo,
714 1866 762 1906 ut
794 1863 972 1905 uidetur.
1029 1862 1141 1905 Nam
1173 1862 1455 1917 grammatica
1486 1860 1746 1904 Graecorum
1780 1850 1872 1904 sub*

339 1936 478 1990 ipsam
515 1934 646 1977 Ennii
684 1937 867 1977 mortem
906 1949 930 1976 a
967 1932 1137 1977 Oratete
1176 1932 1356 1975 Mallota
1392 1932 1576 1975 Romam
1614 1933 1860 1975 introducta

341 2009 422 2048 est:
476 2006 690 2047 rhetorica
733 2006 819 2047 iam
871 2005 983 2059 apud
1026 2005 1215 2047 Ennium
1259 2008 1521 2046 memoratur
1564 2003 1673 2046 FPR
1709 2020 1748 2059 p.
1777 2005 1858 2047 131

340 2077 430 2119 ‘alii
465 2076 682 2119 rhetorica
714 2076 912 2131 tongent'
940 2091 1022 2131 qua
1055 2076 1104 2117 de
1136 2076 1350 2117 locutione
1384 2091 1513 2130 supra
1540 2075 1703 2130 egimus
1730 2091 1769 2131 p.
1795 2076 1861 2117 75.

341 2148 484 2190 Ennio
525 2148 616 2190 seni
656 2162 776 2189 suam
809 2147 1030 2202 inscripsit
1060 2147 1286 2188 historiam
1318 2145 1367 2188 A.
1400 2146 1646 2188 Postumius
1679 2146 1860 2188 Albinus

342 2219 604 2271 adulescens,
631 2219 702 2274 qui
728 2218 956 2274 praecipue
981 2218 1068 2260 illis
1092 2218 1359 2273 temporibus
1387 2217 1702 2272 ‘eloquentiam,
1726 2217 1860 2273 philo-

342 2290 518 2345 sophiae
564 2291 780 2331 alumnam
823 2289 1121 2332 inculcandam
1167 2287 1332 2331 aiebat'
1378 2288 1678 2330 commendans
1723 2289 1863 2330 studia

341 2361 554 2403 rhetorica
598 2359 824 2402 Romanis:
870 2360 978 2402 conf.
1024 2359 1310 2401 Buechelerus
1355 2358 1463 2400 Mus.
1501 2358 1636 2400 Rhen.
1675 2357 1862 2400 XXXIX

342 2448 382 2488 p.
409 2433 505 2475 623.
557 2432 674 2482 Quae
701 2431 842 2473 studia
869 2446 996 2487 quam
1022 2432 1132 2472 laete
1164 2433 1267 2472 tunc
1301 2430 1576 2483 effloruerint,
1609 2444 1656 2471 eo
1689 2429 1860 2484 potissi-

343 2518 460 2545 mum
486 2505 677 2558 apparet,
709 2502 821 2558 quod
847 2503 995 2557 paucis
1023 2502 1146 2544 annis
1172 2504 1271 2557 post
1303 2516 1416 2543 anno
1451 2500 1635 2556 593s161
1670 2500 1863 2543 rhetores

344 2578 386 2618 et
421 2573 672 2631 philosophi
716 2574 818 2615 urbe
862 2573 984 2615 eiecti
1026 2576 1136 2617 sunt.
1198 2573 1446 2615 Acerrimus
1491 2572 1703 2614 Postumii
1745 2572 1862 2613 illius

345 2646 614 2688 aduersarius
646 2645 702 2687 M.
732 2644 906 2687 Porcius
939 2644 1047 2688 Cato
1081 2647 1171 2686 erat
1205 2645 1276 2700 qui
1307 2644 1422 2686 haud
1449 2645 1536 2685 scio
1570 2657 1625 2684 an
1657 2657 1780 2683 suum
1812 2642 1862 2684 de

346 2718 528 2759 oratoris
555 2717 696 2759 officio
724 2716 962 2759 condiderit
988 2716 1148 2758 librum
1176 2714 1350 2758 Graecis
1378 2715 1465 2757 illis
1493 2717 1566 2756 aut
1592 2712 1862 2756 Graecanicis

346 2788 568 2830 rhetoricis
612 2788 776 2830 artibus
819 2791 1090 2843 prouocatus.
1152 2786 1301 2842 Neque
1342 2789 1484 2829 tamen
1526 2786 1616 2839 ipse
1657 2788 1731 2826 aut
1773 2787 1864 2826 erat

348 2861 421 2900 aut
453 2873 544 2900 csse
571 2861 741 2912 poterat
767 2859 1004 2901 rhetoricae
1031 2858 1218 2901 Graecae
1249 2859 1376 2913 plane
1410 2871 1575 2912 expers:
1608 2856 1701 2897 uide
1735 2871 1862 2910 quam
