2003 3116
183 772 702 827 OONSPEOTUS
757 773 1045 828 RERUM
1094 775 1189 827 ET
1245 774 1654 831 LOGORUM.

283 961 362 1003 Quo
389 963 557 1006 tempore
584 960 680 996 liber
706 960 920 995 Ciceronem
941 959 1128 995 inuenerit
1147 963 1338 997 auctorem
1363 975 1396 1007 p.
1423 969 1435 997 1
1463 984 1502 989 —
1526 964 1578 998 De
1599 965 1684 999 sub—

157 1019 361 1065 scriptione
396 1020 534 1055 codicis
570 1021 613 1054 H
644 1032 680 1065 p.
704 1023 721 1054 1
759 1039 802 1045 -
841 1020 893 1054 De
929 1020 1160 1056 Romaniano
1194 1021 1417 1065 Tagastensi
1449 1035 1482 1067 p.
1504 1027 1523 1057 2
1558 1043 1601 1048 -
1628 1024 1683 1058 De

156 1079 206 1114 1V
232 1078 337 1114 libris
362 1079 402 1113 in
428 1079 477 1114 VI
504 1077 696 1114 uolumina
726 1077 856 1113 diuisis
883 1090 916 1122 p.
939 1082 960 1111 4
987 1098 1030 1103 -
1052 1078 1124 1113 Cur
1150 1078 1364 1114 Ciceronem
1393 1083 1580 1116 auctorem
1602 1093 1682 1118 esse

158 1136 245 1173 libri
269 1136 444 1173 inuentor
468 1136 693 1172 indicauerit
719 1149 753 1182 p.
776 1140 796 1171 5
824 1157 866 1162 —
900 1137 1040 1172 Romae
1075 1138 1208 1172 librum
1243 1139 1364 1174 doctis
1398 1151 1599 1185 numquam
1626 1142 1680 1176 in-

155 1197 321 1233 notuisse
346 1208 380 1241 p.
403 1200 423 1232 6
453 1217 494 1222 —-
523 1197 666 1230 Primus
694 1196 790 1231 inter
816 1196 944 1231 doctos
977 1196 1224 1241 Hieronymus
1258 1198 1430 1234 adhibuit
1456 1200 1680 1235 rhetoricam

155 1257 202 1291 ad
230 1255 315 1291 Her.
335 1267 371 1301 p.
393 1260 412 1291 7
439 1275 485 1282 --
513 1256 696 1291 Secuntur
721 1255 872 1290 Rufinus
899 1258 937 1290 et
963 1255 1171 1291 Priscianus
1199 1270 1233 1302 p.
1255 1258 1339 1292 8*—-
1361 1259 1536 1293 Seruatus
1556 1260 1680 1304 Lupus

155 1329 188 1361 p.
212 1320 232 1350 9
260 1336 302 1341 -
337 1315 490 1351 Codices
523 1314 651 1350 classis
684 1316 729 1349 M
762 1327 796 1359 p.
822 1318 864 1348 10
898 1335 942 1340 —
975 1314 1062 1350 Cod.
1096 1315 1400 1361 Herbipolitanns
1435 1318 1479 1352 Η
1507 1330 1542 1363 p.
1567 1323 1607 1353 11
1638 1339 1679 1344 —

156 1375 246 1411 Cod.
274 1375 464 1410 Parisinus
491 1375 526 1410 P
550 1387 584 1419 p.
608 1378 649 1408 12
680 1395 720 1399 -
748 1373 835 1408 Cod.
864 1375 1058 1409 Bernensis
1085 1375 1121 1409 B
1147 1388 1180 1420 p.
1207 1381 1247 1410 14
1272 1398 1310 1401 -
1340 1377 1425 1411 Cod.
1448 1376 1679 1412 Coi-beicnsis

155 1436 185 1470 G
208 1447 242 1480 p.
266 1438 309 1468 15
339 1455 380 1460 —
409 1434 496 1469 Cod.
530 1433 718 1468 Parisinus
750 1435 790 1468 Π
813 1446 845 1478 p.
869 1437 911 1468 19
947 1454 990 1459 ——
1023 1434 1076 1469 De
1110 1435 1314 1481 archetypo
1347 1436 1450 1471 codd.
1478 1436 1606 1471 classis
1646 1441 1680 1470 M

152 1506 186 1538 p.
209 1499 253 1528 20
282 1514 323 1519 —-
351 1493 404 1528 De
438 1493 633 1528 uerborum
667 1492 908 1528 distinctione
939 1505 975 1538 p.
997 1497 1040 1527 21
1074 1514 1118 1519 -
1145 1493 1198 1528 De
1233 1494 1442 1530 litterarum
1475 1498 1678 1530 commnta-

153 1553 317 1588 tionibus
343 1564 377 1596 p.
399 1556 442 1586 22
472 1573 512 1577 -
548 1551 601 1586 De
636 1551 866 1596 compendiis
899 1552 1102 1596 scripturae
1130 1564 1164 1597 p.
1188 1557 1231 1587 26
1267 1574 1306 1578 —
1337 1554 1388 1588 De
1426 1554 1678 1598 geminatione

153 1611 433 1646 semiuocalium
463 1611 601 1646 omissa
626 1624 660 1656 p.
683 1615 727 1646 29
753 1631 799 1636 -
830 1611 878 1645 De
913 1610 1040 1646 codice
1074 1611 1259 1646 Laudensi
1288 1625 1318 1656 p.
1343 1615 1385 1647 32
1423 1633 1464 1638 -
1494 1614 1548 1648 De
1581 1614 1679 1649 codi-

153 1671 257 1705 cibus
285 1669 442 1716 expletis
468 1672 503 1704 E
528 1682 563 1715 p.
586 1673 629 1704 33
659 1692 698 1695 —
723 1670 809 1705 Cod.
837 1670 1121 1715 Bambergensis
1143 1671 1162 1705 b
1182 1683 1216 1715 p.
1240 1675 1283 1705 34
1306 1692 1347 1696 —
1370 1672 1458 1706 Cod.
1486 1672 1677 1707 Leidensis

153 1732 165 1766 l
189 1743 224 1776 p.
246 1734 289 1765 35
318 1750 360 1755 -
389 1730 475 1766 Cod.
503 1729 818 1780 Dar-mstadiensis
845 1731 869 1764 <l
894 1742 928 1774 p.
951 1734 993 1764 35
1023 1750 1065 1754 —
1094 1730 1248 1764 Codices
1283 1731 1416 1774 reliqui
1449 1731 1614 1766 familiae
1642 1735 1676 1766 E

150 1803 186 1836 p.
208 1793 253 1825 36
270 1801 373 1834 seqq.
407 1811 447 1814 —
478 1790 530 1824 De
558 1789 829 1824 emendationis
857 1789 990 1824 studiis
1017 1789 1130 1823 medii
1156 1789 1239 1824 aeui
1266 1802 1298 1834 p.
1323 1793 1365 1824 30
1390 1811 1430 1815 —
1454 1790 1504 1824 De
1526 1794 1677 1826 auctore

151 1848 376 1885 recensionis
402 1851 437 1883 E
464 1861 499 1894 p.
521 1853 565 1884 39
593 1869 636 1874 -
664 1848 716 1883 De
744 1848 890 1883 ratione
918 1848 1047 1883 critica
1074 1849 1277 1883 exercenda
1309 1861 1343 1893 p.
1366 1853 1408 1883 43
1437 1870 1480 1875 —
1508 1849 1560 1884 De
1590 1851 1677 1885 satis

154 1908 240 1943 libri
267 1909 406 1953 expleti
434 1909 472 1942 et
497 1908 633 1952 integri
660 1921 683 1952 p
717 1912 758 1942 51
782 1928 825 1933 -—
846 1907 900 1942 De
922 1908 1165 1943 translatione
1194 1907 1279 1942 libri
1306 1908 1342 1941 in
1372 1920 1575 1943 sermonem
1599 1910 1676 1943 uul-

151 1978 273 2012 garem
301 1967 480 2002 Italorum
506 1979 540 2011 p.
563 1970 605 2001 52
635 1988 676 1991 -
706 1966 758 2000 De
793 1966 1038 2001 translatione
1072 1967 1279 2010 Byzantina
1305 1979 1338 2011 p.
1362 1971 1405 2001 54
1441 1988 1479 1993 —
1516 1968 1566 2002 De
1601 1968 1674 2002 edi-

152 2027 320 2062 tionibus
352 2026 453 2071 typis
486 2027 676 2071 impressis
715 2038 749 2071 p.
779 2029 822 2060 60
854 2046 900 2051 -
936 2026 988 2060 De
1030 2025 1229 2070 Raphaclis
1272 2025 1376 2070 Regii
1414 2028 1450 2060 et
1488 2027 1676 2061 Laurentii

152 2085 284 2120 Vallae
312 2085 445 2120 studiis
472 2098 507 2130 p.
529 2089 570 2119 61
609 2106 651 2110 ——
688 2086 739 2119 De
773 2083 860 2119 libri
886 2084 934 2119 ad
969 2085 1051 2119 Her.
1081 2087 1229 2119 auctore
1263 2097 1296 2129 p.
1320 2088 1362 2120 69
1390 2106 1435 2111 --
1467 2087 1519 2121 De
1548 2085 1673 2120 Corni-

156 2145 240 2179 ficio
266 2156 301 2189 p.
323 2148 367 2179 70
403 2165 445 2170 —
482 2144 536 2179 De
572 2144 682 2179 titulo
715 2144 835 2189 operis
868 2143 915 2178 ad
947 2144 1031 2178 Her.
1062 2156 1095 2189 p.
1124 2147 1166 2178 73
1205 2165 1246 2170 —
1292 2144 1345 2179 De
1384 2146 1517 2180 natura
1555 2146 1593 2179 et
1624 2145 1676 2179 in-

151 2203 236 2238 dole
261 2202 440 2237 librorum
467 2204 514 2237 ad
541 2204 625 2238 Her.
651 2216 686 2248 p.
709 2206 753 2238 75
787 2224 828 2227 —
859 2201 912 2237 De
952 2201 1138 2238 Ciceronis
1171 2203 1274 2238 libris
1308 2203 1352 2238 de
1386 2203 1461 2240 inu.
1494 2216 1530 2250 p.
1552 2208 1596 2239 76
1630 2225 1672 2230 -—

150 2262 204 2297 De
237 2263 512 2297 commentariis
546 2262 780 2297 scholasticis
811 2273 847 2306 p.
873 2265 917 2297 80
951 2283 993 2287 —
1027 2261 1080 2297 De
1119 2263 1358 2307 philosophia
1396 2262 1585 2308 scriptoris
1625 2264 1673 2299 ad

147 2321 232 2357 Her.
254 2334 287 2367 p.
304 2326 348 2357 83
381 2342 425 2347 —
463 2321 517 2356 De
554 2320 756 2366 prooemiis
795 2322 833 2356 et
871 2320 1028 2366 epilogis
1073 2321 1250 2356 librorum
1295 2322 1342 2356 ad
1383 2321 1468 2357 Her.
1496 2335 1529 2367 p.
1558 2326 1602 2357 84
1630 2344 1672 2349 -

147 2382 201 2416 De
228 2380 314 2416 stilo
342 2380 531 2426 scriptoris
563 2379 698 2425 puerili
723 2392 758 2425 p.
781 2384 824 2415 86
860 2401 901 2405 —-
935 2379 990 2414 De
1023 2380 1171 2425 epilogo
1197 2380 1312 2416 totius
1345 2380 1468 2426 operis
1500 2394 1535 2426 p.
1558 2386 1602 2416 90
1630 2403 1671 2407 -

149 2439 202 2475 De
229 2439 483 2485 grammaticis
511 2439 644 2474 studiis
677 2438 868 2484 scriptoris
901 2439 948 2473 ad
979 2439 1063 2474 Her.
1098 2452 1132 2484 p.
1155 2442 1199 2474 95
1232 2460 1275 2465 —
1314 2441 1367 2475 De
1400 2440 1562 2475 metricis
1595 2440 1673 2475 eius

149 2498 281 2534 studiis
317 2511 351 2544 p.
379 2503 422 2534 99
457 2519 500 2524 -—
533 2499 586 2534 De
619 2498 953 2534 declamationibus
980 2498 1168 2543 scriptoris
1199 2499 1245 2533 ad
1279 2500 1362 2534 Her.
1383 2512 1418 2544 p.
1443 2503 1508 2533 102
1543 2521 1584 2524 -
1618 2499 1671 2534 De

150 2558 325 2593 suasoriis
359 2558 398 2592 et
430 2556 691 2593 controuersiis
723 2570 759 2602 p.
782 2560 848 2592 102
880 2577 927 2582 -
953 2557 1006 2591 De
1032 2557 1449 2602 praeexercitaminibus
1476 2571 1510 2603 p.
1535 2562 1600 2593 110
1626 2578 1671 2584 —

146 2617 200 2653 De
232 2616 445 2653 auctoribus
480 2618 516 2652 et
547 2616 619 2651 fide
652 2616 842 2661 scriptoris
875 2615 922 2650 ad
955 2615 1038 2651 Her.
1067 2628 1102 2661 p.
1127 2621 1191 2651 111
1232 2637 1275 2642 —
1309 2617 1363 2651 De
1400 2618 1543 2652 ratione
1575 2628 1670 2661 quae

147 2676 244 2712 inter
289 2676 475 2711 Ciceronis
520 2676 633 2710 libros
678 2676 722 2710 de
766 2675 841 2710 inu.
888 2678 925 2710 et
967 2675 1193 2710 rhetoricam
1244 2676 1290 2711 ad
1335 2675 1421 2711 Her.
1463 2675 1672 2711 intercedat

147 2747 181 2780 p.
213 2739 277 2770 119
305 2756 347 2761 —-
374 2734 486 2770 Initia
518 2733 724 2769 rhetoricae
751 2733 907 2768 Latinae
932 2746 967 2778 p.
992 2738 1057 2768 133
1092 2755 1132 2758 —
1167 2734 1220 2768 De
1251 2734 1289 2768 L.
1318 2734 1445 2769 Caelio
1472 2735 1670 2779 Antipatro

147 2808 181 2840 p.
210 2798 276 2830 136
305 2815 345 2820 —
376 2793 429 2828 De
455 2794 495 2828 L.
524 2793 632 2837 Aelio
659 2793 801 2829 Stilone
828 2805 862 2837 p.
885 2796 952 2827 138
982 2814 1021 2818 —
1050 2793 1102 2827 De
1133 2792 1272 2828 Latinis
1303 2793 1514 2828 rhetoribus
1545 2805 1579 2839 p.
1603 2797 1667 2829 141

148 2875 188 2879 —
217 2853 270 2888 De
296 2852 336 2888 L.
364 2852 485 2888 Plotio
513 2852 622 2888 Gallo
644 2853 681 2888 C.
702 2851 810 2887 Marii
836 2851 955 2887 amico
982 2864 1017 2897 p.
1040 2855 1105 2887 147
1133 2872 1176 2878 -
1204 2852 1257 2888 De
1290 2852 1440 2888 doctore
1478 2853 1669 2898 scriptoris
