2003 3116
702 131 1069 166 PROLEGOMENA.
1569 130 1622 171 12
1633 133 1650 170 l

130 243 203 299 qui
238 242 302 285 IV
330 244 367 298 7,
396 243 450 284 10
494 242 656 284 scribat
693 255 785 283 sese
832 240 1124 295 exemplorum
1162 240 1377 282 rationem
1416 254 1441 281 a
1481 238 1655 282 Graecis

132 314 371 356 adhibitam
396 328 484 356 non
513 313 645 369 sequi,
676 313 883 368 probasse
915 327 1061 354 eorum
1094 312 1198 354 artis
1231 311 1535 354 inuentionem.
1586 310 1654 352 An

132 385 359 441 quisquam
378 387 554 441 propter
573 385 754 427 uerbum
780 384 886 425 illud
911 384 1200 438 separauimzos
1220 383 1282 425 IV
1298 383 1366 435 31,
1380 383 1437 425 42
1464 382 1655 424 censebit

135 456 388 512 scriptorem
421 457 473 498 ad
500 455 598 498 Her.
629 459 780 511 tropos
812 456 954 510 ipsum
987 469 1209 509 separasse
1243 470 1268 496 a
1299 454 1474 510 reliquis
1507 453 1655 508 figuris

132 527 392 570 uerborum?
453 526 567 569 Nam
598 541 676 568 nos
709 527 753 567 in
786 526 874 568 dies
906 526 1047 581 magis
1089 526 1311 581 magisque
1342 526 1423 567 hoc
1456 525 1656 567 discimus

132 599 177 640 in
214 598 377 640 artibus
415 597 640 639 rhetoricis
680 598 725 639 in
762 597 1038 652 philosophia
1078 597 1124 637 in
1166 596 1262 638 aliis
1302 596 1536 651 disciplinis
1573 596 1657 638 Ro-

133 683 285 711 manos
343 669 574 724 scriptores
624 668 733 710 nihil
783 668 898 710 aliud
953 667 1105 710 fecisse
1162 682 1289 722 quam
1345 668 1529 723 uestigia
1585 682 1658 709 eos

134 740 354 782 doctrinae
394 739 581 782 Graecae
627 742 794 781 secutos
834 754 946 794 esse,
992 739 1152 794 scripta
1190 739 1362 781 illorum
1404 753 1521 780 mera
1562 753 1659 793 apo-

137 811 303 868 grapha
353 825 445 853 esse
495 811 740 852 litterarum
792 808 1052 852 Graecarum
1097 802 1240 852 uerbi-s
1298 809 1454 852 additis
1505 809 1659 864 quibus

137 882 426 924 abundabant.
487 881 648 923 Tamen
679 895 804 923 nemo
836 881 1131 923 Romanorum
1164 883 1253 922 tam
1284 880 1486 922 ridiculus
1518 880 1659 922 hercle

132 953 272 996 factus
319 956 384 996 est
427 968 554 1008 quam
605 953 790 1008 scriptor
841 953 894 995 ad
937 951 1039 995 Her.
1082 952 1156 994 illo
1207 953 1388 1008 prologo
1439 952 1548 994 libro
1599 950 1659 993 IV

133 1025 419 1080 agglutinato.

252 1096 363 1138 Acta
408 1099 521 1138 esset
565 1111 652 1151 res,
697 1097 733 1137 si
776 1096 889 1138 hanc
932 1096 1072 1151 ipsam
1124 1095 1174 1137 de
1218 1095 1507 1138 insinuatione
1553 1110 1661 1150 quae

136 1167 298 1209 Graece
338 1168 500 1223 ἔφοδος
538 1167 781 1222 appellatur
814 1167 1053 1210 doctrinam
1087 1167 1199 1222 apud
1235 1167 1444 1210 Graecum
1478 1168 1661 1222 aliquem

136 1238 353 1281 rhetorem
380 1254 550 1294 possem
578 1239 780 1281 inuenire.
832 1237 912 1280 Sed
946 1238 990 1279 in
1022 1242 1145 1280 tanta
1177 1238 1399 1281 rhetorum
1432 1240 1474 1279 et
1506 1237 1661 1279 artium

134 1310 299 1352 iactura
343 1310 457 1352 idem
502 1311 706 1352 confiteor
750 1310 863 1365 quod
903 1309 1152 1365 Doxopater
1194 1310 1266 1351 ille
1305 1309 1381 1351 RG
1422 1308 1467 1351 ΙΙ
1499 1324 1538 1364 p.
1565 1309 1663 1363 546,

136 1381 192 1422 25
217 1380 269 1422 W
309 1380 393 1435 ἐγὼ
433 1379 481 1423 δὲ
519 1379 829 1437 ἀκριβέστερον
867 1387 957 1423 τῶν
995 1387 1079 1423 νῦν
1118 1379 1217 1436 περὶ
1256 1381 1389 1435 αὐτῆς
1421 1379 1663 1436 εἰρημένων

137 1449 271 1494 οὐδὲν
305 1448 439 1506 εὗρον
469 1453 586 1508 παρὰ
617 1460 709 1502 τοῖς
739 1456 954 1502 παλαιοῖς.
1004 1452 1299 1494 Nihilominus
1334 1466 1414 1508 ego
1447 1466 1539 1494 meo
1572 1451 1662 1493 iure

135 1523 260 1565 illum
304 1524 446 1566 locum
489 1523 578 1566 fere
625 1523 677 1565 ad
727 1524 906 1565 uerbum
952 1539 1001 1565 ex
1046 1524 1209 1567 Graeco
1260 1524 1520 1566 translatum
1570 1538 1663 1565 esse

140 1609 304 1650 censeo,
337 1595 437 1636 dum
465 1595 620 1650 aliquis
647 1595 773 1637 certis
800 1595 1040 1638 rationibus
1068 1598 1110 1637 et
1136 1596 1401 1651 argumentis
1428 1609 1495 1636 me
1523 1609 1663 1636 errare

137 1666 510 1709 demonstrauerit.
571 1666 685 1708 Nam
723 1666 1021 1709 translationis
1060 1666 1249 1709 Graecae
1288 1668 1411 1722 signa
1448 1669 1541 1709 toto
1583 1666 1665 1709 hoc

137 1737 233 1779 loco
262 1738 365 1779 satis
394 1740 544 1792 aperta
570 1740 670 1779 sunt
696 1738 830 1780 ueluti
856 1738 966 1780 conf.
997 1753 1104 1793 quae
1136 1738 1180 1779 in
1208 1739 1392 1794 epistola
1422 1738 1663 1780 rhetoricae

137 1810 192 1851 ad
226 1810 342 1852 Alex.
375 1810 614 1865 praemissa
650 1826 691 1865 p.
717 1811 761 1865 4,
788 1810 844 1852 20
886 1810 983 1852 edit.
1012 1808 1081 1865 Sp.
1121 1812 1292 1852 exstant
1333 1811 1665 1865 παρειλήφαμεν

139 1878 187 1923 δὲ
224 1881 424 1937 καθάπερ
461 1880 567 1935 ἡμῖν
607 1880 799 1936 ἐδήλωσε
832 1881 1045 1936 Νικάνωρ
1085 1880 1156 1923 καὶ
1195 1888 1282 1923 τῶν
1315 1884 1482 1923 λοιπῶν
1521 1896 1663 1936 τεχνο-

137 1952 323 2008 γράφων
356 1952 474 2002 ὅστις
505 1955 594 1994 κτλ.
628 1956 670 1994 et
703 1967 810 2007 quae
839 1952 891 1993 ad
918 1952 1017 1994 Her.
1043 1951 1063 1992 I
1093 1953 1130 2006 7,
1158 1953 1209 1993 11
1245 1952 1466 2008 leguntur:
1499 1951 1574 1993 ‘At
1606 1953 1663 1993 in-

139 2023 325 2065 sinuatio
359 2023 568 2065 eiusmodi
601 2023 728 2065 debet
765 2038 857 2065 esse
889 2026 938 2065 ut
971 2024 1137 2065 occulte
1170 2038 1247 2080 per
1279 2024 1665 2066 dissimulationem

139 2094 286 2136 eadem
306 2094 380 2136 illa
401 2094 687 2148 conficiamus,
713 2097 762 2136 ut
788 2095 840 2136 ad
863 2094 1040 2136 eandem
1065 2095 1415 2138 commoditatem
1435 2096 1479 2137 in
1501 2095 1666 2137 dicendi

141 2180 270 2220 opere
291 2165 436 2207 uenire
463 2165 713 2220 possimus':
748 2180 856 2220 quae
883 2181 932 2207 ex
954 2165 1115 2208 Graeco
1137 2180 1263 2208 uersa
1283 2181 1375 2208 esse
1396 2166 1666 2221 intellegitur

142 2236 327 2278 conlatis
354 2235 430 2278 RG
456 2235 541 2278 VII
571 2238 592 2278 1
623 2251 663 2292 p.
692 2236 760 2291 54,
790 2237 842 2278 14
875 2236 900 2290 ἡ
935 2234 982 2278 δὲ
1015 2238 1177 2291 ἔφοδος
1208 2239 1305 2279 τότε
1337 2239 1504 2292 γίνεται
1536 2236 1666 2291 ἡνίκα

141 2307 198 2362 μὴ
245 2313 448 2362 φανερῶς
492 2322 534 2349 τι
577 2309 885 2363 βουλευόμεθα
937 2310 1167 2363 σημαίνειν
1210 2308 1283 2351 καὶ
1332 2310 1559 2365 λαθραίως
1604 2307 1661 2350 δι’

143 2376 304 2435 ἑτέρων
336 2380 482 2432 λόγων
513 2379 746 2435 εἰσάγομεν
778 2379 897 2421 αὐτό.
954 2379 1179 2423 Postremo
1213 2396 1296 2436 quo
1330 2381 1469 2437 magis
1502 2381 1665 2422 intelle-

141 2452 271 2504 gatur
313 2450 443 2504 plane
487 2449 676 2492 Graecae
718 2450 878 2493 indolis
925 2465 1017 2492 esse
1061 2451 1203 2494 locum
1246 2452 1369 2494 illum
1414 2453 1467 2494 ad
1507 2451 1606 2493 Her.
1646 2452 1666 2493 Ι

141 2521 180 2574 6,
206 2521 232 2561 9
261 2535 291 2563 3.
319 2534 350 2562 3.
377 2521 487 2563 conf.
514 2521 769 2576 Anonymus
803 2520 1089 2576 Seguerianus
1127 2522 1205 2564 RG
1236 2523 1256 2565 Ι
1288 2539 1326 2578 p.
1354 2525 1440 2566 430
1468 2522 1539 2578 Sp.
1573 2539 1611 2577 p.
1640 2524 1665 2564 6

143 2592 241 2633 edit.
269 2591 493 2633 Graeuens
523 2590 684 2633 Ἰστέον
711 2592 777 2633 ὅτι
803 2592 1010 2641 πολλάκις
1039 2593 1109 2634 δεῖ
1135 2599 1447 2649 παραιτεῖσθαι
1478 2595 1530 2636 τὰ
1561 2608 1667 2649 προ-

147 2663 283 2718 οίμια·
330 2663 383 2705 οὐ
426 2663 510 2718 γὰρ
555 2661 621 2704 ἀεὶ
658 2661 1009 2717 προοιμιαστεόν.
1072 2665 1213 2706 πολλὰ
1252 2664 1304 2706 δέ
1338 2665 1427 2707 ἐστι
1470 2670 1666 2719 τοιαῦτα,

146 2729 243 2776 οἷον
282 2734 387 2776 ὅταν
419 2734 445 2789 ἢ
483 2732 583 2790 περὶ
619 2735 824 2776 κυνιδίου
856 2733 882 2789 ἢ
915 2733 1133 2789 ἀργυρίου
1172 2736 1271 2790 δίκη
1304 2730 1331 2792 ἦ
1353 2770 1359 2778 .
1383 2769 1391 2778 .
1412 2769 1421 2778 .
1443 2737 1665 2791 δεύτερον,

147 2805 254 2847 ὅταν
290 2805 435 2855 πάθος
473 2803 553 2860 μὲν
590 2806 685 2861 ἔχῃ,
725 2805 747 2847 ὁ
781 2802 828 2846 δὲ
868 2804 1085 2860 ἀκροατὴς
1121 2807 1179 2861 μὴ
1211 2809 1443 2863 προσίηται
1474 2808 1552 2850 τὸν
1585 2807 1665 2858 ἔξω

144 2883 232 2918 τῶν
263 2877 531 2932 πραγμάτων
564 2877 697 2930 λόγον
728 2876 825 2930 ἤτοι
858 2876 1062 2918 σπεύδων
1094 2877 1120 2932 ἢ
1152 2878 1442 2934 ὀργιζόμενος.
1501 2881 1665 2936 τρίτον,
