2003 3116
631 201 997 236 PROLEGOMENA.
1114 187 1119 195 ’
1516 199 1567 240 21

55 311 155 354 Cod.
194 313 337 353 autem
376 310 418 352 H
456 310 681 353 librarium
719 310 860 365 ipsum
899 310 1040 352 locuni
1085 311 1200 351 recte
1244 309 1484 351 restituisse
1529 311 1572 349 et

54 381 287 424 doctiorem
331 381 462 424 fuisse
507 396 634 437 quam
680 381 768 423 cod.
806 380 840 422 P
883 395 1008 422 nemo
1053 380 1196 422 credet
1234 381 1306 436 qui
1343 382 1571 435 utrumque

53 453 161 495 bene
198 454 377 495 nouerit.
432 451 514 495 Sed
547 453 656 495 hanc
688 452 738 494 de
771 452 935 508 origine
969 455 1012 494 et
1045 454 1270 494 stemmate
1303 452 1570 508 singulorum

53 524 170 566 codd.
203 525 341 580 magis
373 524 541 566 iuuabit
579 524 777 566 inchoare
811 538 936 578 quam
968 525 1232 578 pertractare
1265 523 1570 578 quaestionem.

52 596 202 651 Neque
235 596 348 637 enim
384 596 430 637 in
461 597 583 637 tanta
624 595 739 637 codd.
773 594 1047 636 multitudine
1081 595 1152 650 qui
1185 595 1282 636 inde
1315 610 1339 637 a
1372 610 1478 638 saec.
1509 595 1570 637 IX

51 667 94 707 in
127 667 399 709 monasteriis
448 667 681 708 extiterunt
718 680 813 708 cum
852 666 1020 707 librarii
1053 666 1178 707 modo
1211 681 1294 708 uno
1335 667 1568 721 archetypo

57 737 250 779 contenti
275 737 433 779 fuerint
459 737 582 780 modo
609 738 752 792 plures
780 737 1054 779 adhibuerint
1082 737 1283 792 studiose,
1311 738 1416 779 satis
1443 738 1568 781 certis

50 809 111 850 uti
142 808 289 850 licebit
313 809 562 852 rationibus,

165 879 419 922 Perdifficile
447 883 590 922 autem
618 879 881 934 archetypon
908 879 1014 921 illud
1042 879 1151 921 unde
1181 880 1271 922 cod.
1291 887 1337 922 M
1363 880 1567 923 deductus

49 954 114 993 est
145 951 322 993 librario
355 951 437 993 fuit
475 952 528 994 ad
565 951 805 1008 legendum.
867 950 978 993 Nam
1014 951 1109 993 aliis
1142 952 1246 994 locis
1280 951 1370 993 cod.
1402 951 1472 993 ille
1506 952 1566 993 di-

48 1024 230 1065 stinctus
268 1022 370 1078 fuit,
408 1023 504 1065 aliis
544 1022 762 1065 distinctio
802 1023 1030 1065 uerborum
1069 1022 1182 1065 facta
1222 1026 1313 1064 erat
1344 1024 1462 1064 nulla
1495 1026 1569 1065 aut

44 1096 204 1149 puncta
236 1109 410 1149 prorsus
445 1097 707 1137 euanuerant
739 1096 953 1136 uetustate
994 1094 1142 1137 deleta.
1205 1093 1325 1136 Vitia
1358 1095 1569 1150 scriptura

45 1166 156 1207 male
189 1181 212 1207 a
246 1165 420 1207 librario
460 1166 662 1207 distincta
695 1166 850 1208 oborta
882 1166 943 1208 ita
975 1181 1101 1220 saepe
1134 1169 1376 1221 occurrunt,
1416 1169 1464 1208 ut
1498 1166 1568 1208 uix

44 1252 150 1292 opus
178 1238 234 1279 sit
260 1237 453 1292 exempla
479 1236 690 1292 proferre:
724 1237 858 1279 ueluti
883 1236 944 1278 IV
967 1237 1035 1291 35,
1055 1238 1109 1279 47
1147 1238 1300 1290 Quibus
1333 1238 1449 1280 liberi
1471 1242 1568 1280 seint

42 1310 206 1351 statuite
236 1309 280 1350 in
307 1316 352 1351 M
384 1311 633 1363 corruptum
659 1309 884 1364 legebatur
910 1308 991 1351 hoc
1018 1309 1144 1350 modo
1177 1309 1323 1362 quibus
1356 1309 1455 1350 liber
1480 1322 1568 1351 con—

40 1384 124 1422 stat
164 1381 275 1422 uitae
317 1379 381 1421 III
415 1381 457 1435 ἶ),
491 1381 516 1422 S
561 1395 645 1423 non
689 1381 802 1435 sequi
846 1381 1031 1422 suadebit
1075 1380 1146 1421 sed
1191 1382 1228 1422 si
1269 1381 1361 1434 quis
1404 1381 1567 1423 audiuit

42 1452 193 1494 habuit
223 1458 280 1494 M.
342 1439 517 1493 Tamen·
536 1452 631 1493 aliis
670 1451 776 1494 locis
808 1452 852 1493 iu
884 1457 929 1493 M
961 1452 1135 1506 eiusque
1169 1451 1416 1507 archetypis
1449 1454 1564 1494 recte

42 1522 272 1564 secundum
300 1523 680 1578 grammaticorum
709 1523 946 1565 doctrinam
974 1523 1226 1565 distinctum
1251 1523 1386 1565 fuisse
1407 1527 1565 1566 testan-

39 1597 110 1635 tur
140 1594 402 1649 apographa,
434 1609 615 1649 quorum
647 1595 692 1636 in
718 1595 799 1637 hac
827 1595 998 1650 quidem
1025 1609 1069 1636 re
1096 1595 1448 1637 cousuetudinem
1475 1610 1561 1637 non

39 1667 79 1707 iu
120 1665 303 1707 editione
338 1665 597 1721 sequendam
638 1666 711 1708 sed
748 1666 794 1708 in
836 1666 1111 1709 adnotatione
1146 1666 1245 1708 duxi
1278 1666 1562 1709 indicandam.

40 1737 189 1792 ltaque
222 1752 388 1792 semper
421 1737 507 1779 fere
539 1737 745 1779 traditum
778 1740 844 1779 cst
874 1738 918 1779 in
945 1737 1028 1779 ΗΡ
1055 1738 1230 1793 reliquis
1263 1739 1391 1792 siquis
1422 1741 1564 1793 nequis

37 1809 231 1862 mcmquis
266 1809 442 1851 similia:
481 1809 615 1851 ueluti
645 1808 709 1851 IV
736 1810 804 1865 30,
830 1811 882 1852 41
929 1811 1021 1852 nolo
1053 1811 1182 1853 dicere
1212 1812 1330 1853 necui
1360 1811 1457 1866 PB,
1494 1826 1564 1854 uec

36 1882 82 1922 m·
111 1880 164 1922 H.
227 1880 360 1922 Porro
400 1895 723 1936 nonnumquam
762 1881 1025 1937 praepositio
1065 1897 1160 1924 cum
1200 1883 1332 1925 uerbo
1367 1885 1559 1938 sequenti

37 1953 81 1994 in
116 1946 248 1994 unum
287 1952 512 1994 coniuncta
551 1951 649 1993 fuit:
689 1952 815 1994 sicuti
851 1952 895 1992 in
935 1952 1030 2008 lege
1069 1952 1180 1994 Iulia
1218 1952 1466 2008 municipali
1504 1954 1560 1995 49

37 2024 195 2080 legitur
240 2023 445 2079 scriptum
489 2015 586 2077 Quoi
628 2023 729 2077 eleae
773 2024 1001 2079 locationis,
1044 2024 1106 2066 ita
1143 2023 1204 2066 IV
1238 2024 1311 2078 39,
1344 2025 1397 2067 51
1445 2025 1562 2067 liberi

31 2096 189 2150 partim
226 2096 412 2150 &remiis
449 2095 706 2149 diri'pimitm·
742 2094 874 2136 habet
906 2095 996 2137 cod.
1022 2094 1056 2136 P
1089 2096 1201 2150 quod
1233 2111 1321 2138 non
1354 2111 1453 2138 casu
1487 2097 1558 2139 sed

37 2170 128 2209 arte
170 2167 233 2209 ita
279 2167 484 2221 scriptum
531 2169 697 2208 exstare
741 2166 949 2221 probatur
986 2166 1168 2209 lectione
1207 2168 1364 2209 codicis
1403 2167 1445 2209 H
1487 2170 1558 2224 qui

37 2238 168 2280 habet
208 2239 387 2292 eyreyiis.
449 2237 559 2278 Aliis
601 2238 706 2279 locis
745 2237 947 2279 iudicium
987 2238 1079 2279 fieri
1117 2240 1208 2280 tam
1248 2238 1371 2280 facile
1411 2242 1453 2280 et
1491 2255 1555 2281 ex-

36 2309 226 2363 peditum
276 2309 319 2350 in
369 2309 449 2350 hac
499 2323 543 2350 re
594 2323 679 2350 non
723 2311 884 2364 potest:
935 2310 1258 2351 memorandum
1304 2312 1449 2352 tamen
1493 2314 1559 2353 est

37 2381 150 2436 quod
198 2380 261 2422 IV
304 2381 380 2432 43,
412 2381 468 2422 5ss
518 2380 679 2422 habent
729 2380 805 2421 PB
856 2381 1094 2433 indicando,
1143 2382 1219 2436 44,
1249 2383 1302 2424 57
1339 2382 1372 2423 B
1417 2397 1557 2436 prore:

34 2455 126 2494 tum
158 2452 267 2507 quod
308 2451 370 2493 III
402 2453 480 2507 23,
509 2453 564 2494 38
603 2452 644 2494 in
684 2451 802 2494 codd.
834 2451 932 2494 Hbl
965 2453 1169 2494 traditum
1209 2456 1273 2495 est
1312 2455 1556 2508 inquirendo

32 2538 109 2578 pro
141 2524 186 2566 in
217 2525 443 2577 quaerendo
475 2524 747 2579 reliquorum,
778 2524 820 2566 id
853 2539 904 2566 ex
937 2524 1083 2566 eadem
1117 2526 1422 2567 consuetudine
1456 2527 1552 2568 scri-

34 2594 160 2636 bendi
203 2595 362 2637 factum
403 2610 494 2638 esse
532 2600 713 2651 apparet
752 2596 801 2638 de
835 2611 919 2651 qua
955 2596 1064 2639 conf.
1091 2596 1196 2639 Mar.
1212 2597 1372 2640 Victor.
1390 2592 1470 2639 'GL
1493 2598 1555 2641 VI

31 2681 70 2721 p.
97 2667 166 2721 23,
186 2667 212 2708 9
233 2681 348 2721 seqq.

152 2737 315 2781 Contra
364 2739 409 2780 in
460 2738 556 2780 aliis
605 2739 989 2794 compositionibus
1040 2740 1130 2782 siue
1181 2741 1551 2785 coniunctionibus

33 2810 261 2852 uerborum
307 2809 626 2852 distinctionem
678 2810 974 2865 interpositam
1018 2811 1150 2853 fuisse
1195 2827 1244 2853 ex
1290 2814 1550 2868 apographis

33 2881 217 2923 dilucide
255 2881 505 2937 intellegere
542 2882 788 2936 poterimus.
848 2882 1101 2938 Plerumque
1135 2883 1248 2925 enim
1281 2884 1324 2925 in
1360 2885 1550 2927 melioris

32 2949 158 2994 notae
190 2952 311 2995 libris
343 2952 528 2994 traditur
561 2954 667 2995 ‘inter
694 2954 835 3006 fecerit
862 2955 968 2995 iuter
998 2955 1120 2996 tec-tas
1150 2955 1256 2997 inter
1288 2956 1415 2999 lucere
1444 2958 1550 2999 inter

1596 881 1640 905 De
1662 882 1822 906 uerborum

1606 916 1812 942 distinctione.
