2003 3116
212 906 270 952 (9

335 130 417 171 154
908 129 1278 165 PROLEGOMENA.

330 240 374 280 in
398 238 558 291 Asiam,
587 235 739 278 deinde
760 236 896 278 hostis
917 238 983 277 est
1002 236 1152 291 dictus,
1178 239 1276 291 post
1294 238 1537 292 imperator,
1563 241 1606 281 et
1630 242 1848 295 postremo

330 310 469 351 factus
502 310 567 348 est
599 307 777 349 consul?
839 307 1001 349 Locum
1032 308 1216 362 pessime
1249 323 1274 350 a
1305 308 1494 350 librariis
1524 311 1755 353 tractatum
1787 312 1848 354 eis

330 379 568 420 rationibus
602 393 708 433 quas
742 393 872 432 supra
903 394 943 433 p.
963 379 1021 420 43
1048 379 1322 433 exposuimus
1353 380 1419 421 usi
1450 380 1511 421 ita
1538 381 1849 424 constituimus.

330 449 453 498 Quod
485 448 615 490 ΡΠΒ
647 448 820 491 habent·
842 451 1018 503 quodam
1041 474 1089 480 —
1113 465 1214 491 nam
1239 449 1281 491 H
1307 451 1388 493 hoc
1414 451 1509 493 loco
1536 451 1598 493 ita
1622 455 1847 506 corruptus
1878 490 1879 493 ,

329 522 413 573 est,
457 522 504 561 ut
540 520 667 574 plane
706 520 952 562 abiciendus
990 521 1047 562 sit
1084 545 1138 550 -
1178 521 1221 562 id
1259 536 1388 575 supra
1425 537 1464 576 p.
1497 522 1551 563 27
1592 522 1848 577 explicatum

329 592 415 632 est:
448 590 561 644 quod
587 596 623 631 Ε
655 592 755 644 post
785 591 990 644 quondam
1023 590 1153 636 addit,
1171 591 1369 642 tribunus,
1400 591 1442 632 id
1475 592 1630 634 falsum
1660 594 1725 634 est
1751 593 1851 647 quia

327 662 411 702 iam
433 661 478 701 in
493 659 525 702 C
546 661 763 703 inuenitur
784 661 994 703 additum:
1020 662 1057 704 is
1077 662 1129 704 ab
1143 669 1178 704 E
1200 663 1311 704 male
1333 663 1555 717 expulsum
1577 663 1704 706 sicuti
1718 663 1851 705 uerba

326 735 389 774 et.
411 765 419 773 .
442 766 451 774 .
467 732 604 785 factus
635 737 692 775 est
729 733 902 789 egregia
940 736 1042 775 sunt
1071 748 1208 788 neque
1248 734 1490 776 coniectura
1521 735 1596 776 illa
1631 735 1851 788 quotannis

328 819 352 845 a
384 804 580 859 pluribus
622 804 792 859 prolata
829 804 1069 859 probanda:
1107 806 1208 858 quid
1242 805 1383 847 deinde
1422 805 1581 860 legitur
1612 804 1656 847 II
1687 806 1755 860 29,
1781 805 1851 859 46,

326 890 428 929 quae
458 877 601 918 deinde
631 875 695 917 IV
720 876 789 931 51,
816 876 885 918 64.
947 876 1074 919 Modo
1106 876 1246 919 consul
1276 876 1850 937 mimulam,etiamsiquj

328 948 425 989 clam
457 947 537 988 hoc
570 947 663 988 solo
696 948 789 989 loco
823 936 1092 1008 inueniaturQ
1110 948 1155 990 in
1187 935 1414 990 breuitatis
1449 936 1644 1002 exemplo
1676 947 1851 989 tolerari

326 1033 454 1072 posse
485 1032 573 1060 non
603 1019 764 1072 poterit
794 1019 955 1074 negari.
1016 1009 1141 1061 hostis
1171 1025 1237 1060 M:
1276 1019 1414 1061 hostis
1448 1021 1490 1060 et
1521 1019 1617 1060 exul
1649 1025 1703 1060 E:
1741 1018 1852 1060 conf.

326 1104 456 1144 supra
487 1104 525 1143 p.
553 1089 628 1130 42:
670 1091 819 1131 auctor
849 1089 1049 1132 uidelicet
1085 1090 1345 1131 recensionis
1377 1096 1412 1131 E
1451 1089 1537 1131 iam
1576 1089 1730 1132 statuit
1768 1089 1850 1131 hoe

324 1161 417 1202 loco
458 1158 503 1202 C.
535 1159 663 1201 Marii
699 1160 822 1215 tangi
858 1160 960 1201 fata.
1011 1163 1213 1214 postremo
1244 1167 1298 1214 E,
1343 1160 1456 1216 quod
1489 1175 1584 1202 cum
1617 1161 1746 1216 plane
1777 1174 1850 1202 no-

326 1246 428 1273 uum
462 1231 519 1273 sit
551 1233 593 1273 et
623 1231 670 1272 in
703 1230 822 1272 codd.
851 1237 897 1272 Μ
929 1231 1103 1272 minime
1135 1231 1384 1285 reperiatur,
1416 1231 1651 1286 genuinum
1682 1232 1726 1273 id
1759 1246 1850 1273 esse

326 1316 596 1357 summopere
634 1301 855 1356 probabile
893 1304 977 1343 est:
1023 1302 1069 1343 in
1105 1308 1151 1344 M
1188 1304 1437 1357 corruptum
1473 1302 1634 1357 legitur
1672 1303 1779 1345 illud
1816 1306 1854 1344 et

319 1374 565 1427 populorum
611 1373 747 1426 factus
794 1376 862 1415 est.
937 1373 1158 1415 Meliorem
1211 1373 1301 1415 fieri
1359 1373 1616 1415 sententiam
1668 1374 1703 1415 si
1752 1376 1852 1428 post

318 1449 521 1498 postremo
565 1445 729 1486 inseras
774 1444 910 1486 ueluti
949 1444 1044 1487 VH
1087 1459 1211 1487 nemo
1263 1445 1461 1499 negabit:
1515 1445 1627 1499 quod
1677 1447 1725 1486 ut
1773 1444 1852 1486 fiat

324 1519 470 1558 tamen
498 1517 645 1571 utique
673 1516 960 1558 necessarium
986 1531 1073 1558 non
1106 1519 1183 1559 est.
1226 1516 1320 1558 Iam
1347 1518 1495 1558 auctor
1519 1516 1780 1558 recensionis
1801 1522 1850 1571 E,

323 1588 409 1629 iam
443 1588 603 1629 uetusti
635 1587 698 1628 illi
732 1587 987 1642 interpretes
1007 1586 1162 1629 Veneti
1189 1588 1239 1629 de
1267 1588 1421 1642 quibus
1447 1603 1487 1643 p.
1509 1588 1575 1630 61.
1598 1587 1654 1629 65
1686 1587 1850 1628 rettuli-

324 1674 419 1701 mus
447 1657 490 1702 G.
512 1658 695 1701 Marium
723 1659 791 1701 his
817 1659 962 1700 uerbis
989 1659 1155 1701 laudari
1182 1661 1439 1714 statuerunt,
1471 1673 1567 1701 cum
1600 1658 1673 1699 alii
1704 1659 1846 1713 potius

325 1729 598 1772 Schuetzium
637 1728 787 1787 (praef.
814 1746 853 1785 p.
879 1729 953 1772 XI.
978 1728 1124 1787 XXII)
1167 1731 1301 1773 secuti
1335 1728 1479 1772 Sullae
1512 1730 1604 1771 fata
1634 1729 1716 1771 hoc
1754 1729 1848 1771 loco

326 1815 559 1858 agnoscere
602 1802 793 1844 mallent.
857 1801 1046 1851 Quorum
1088 1802 1346 1844 sententiam
1389 1802 1456 1843 his
1501 1801 1550 1843 de
1591 1800 1730 1843 causis
1768 1815 1846 1842 nos

325 1873 631 1928 improbamus.
1809 1880 1813 1884 “

441 1944 633 1985 Primum
673 1944 804 1986 uerba
847 1944 922 1985 illa
962 1943 1114 1986 ‘Modo
1159 1945 1306 1987 consul
1345 1944 1576 1998 quondam,
1621 1943 1656 1984 is
1696 1942 1848 1984 deinde

323 2016 486 2071 primus
521 2018 612 2057 erat
645 2014 851 2058 ciuitatis'
886 2015 982 2057 uide
1015 2031 1142 2071 quam
1176 2015 1347 2071 egregie
1375 2015 1603 2057 conueniat
1630 2013 1673 2057 C.
1698 2013 1848 2069 Mario,

326 2086 399 2142 qui
432 2101 545 2129 anno
580 2086 763 2142 647s107
799 2102 924 2143 aegre
956 2087 1104 2129 consul
1136 2087 1276 2129 factus
1311 2088 1377 2142 sit,
1409 2087 1505 2128 inde
1538 2086 1591 2128 ab
1624 2085 1700 2128 illo
1734 2100 1846 2128 anno

323 2173 456 2214 usque
496 2158 548 2200 ad
588 2158 786 2214 654s100
831 2161 1026 2200 seruator
1068 2158 1257 2200 nominis
1297 2158 1482 2200 Romani
1521 2157 1710 2199 extiterit
1746 2171 1843 2199 con-

324 2245 450 2271 sensu
489 2231 696 2284 omnium,
735 2245 829 2272 cum
863 2229 1006 2271 Sullae
1045 2229 1210 2283 primus
1249 2230 1498 2271 consulatus
1537 2243 1648 2270 anno
1690 2227 1846 2282 666s88

323 2303 468 2355 gestus
508 2301 593 2342 iam
634 2301 844 2343 uocabulo
889 2302 1095 2354 quondam
1139 2300 1351 2343 reiciatur.
1416 2300 1578 2341 Deinde
1616 2300 1661 2340 in
1703 2299 1847 2341 Sullae

322 2371 447 2412 laude
481 2374 754 2426 expectamus
787 2372 1024 2413 dictaturae
1057 2371 1336 2413 mentionem:
1371 2369 1512 2412 Sullae
1545 2370 1728 2424 denique
1759 2370 1846 2410 lau-

324 2442 419 2482 dem
457 2442 500 2482 in
540 2440 724 2484 rhetoris
763 2441 904 2496 plebei
943 2441 1182 2495 praeceptis
1222 2442 1396 2483 omnino
1435 2456 1520 2483 non
1560 2443 1845 2495 expectamus.

324 2512 501 2554 Accedit
552 2512 663 2567 quod
715 2512 839 2554 sicuti
891 2512 1123 2554 Alexandri
1180 2512 1372 2554 laudatio
1422 2511 1502 2567 (IV
1541 2513 1619 2566 22,
1658 2510 1733 2567 31)
1785 2512 1847 2552 ita

324 2582 367 2625 C.
399 2583 527 2624 Marii
564 2583 739 2625 fortuna
783 2583 979 2638 inprimis
1020 2583 1148 2625 solita
1187 2586 1252 2624 est
1293 2583 1500 2624 celebrari
1538 2583 1581 2624 in
1623 2583 1844 2624 rhetorum

324 2654 480 2695 scholis
513 2654 563 2695 de
596 2669 679 2709 quo
711 2655 859 2696 rhetor
890 2654 963 2696 ille
996 2654 1107 2708 apud
1137 2653 1341 2696 Senecam
1374 2656 1507 2696 contr.
1534 2652 1555 2694 I
1584 2655 1620 2707 1,
1639 2653 1685 2695 5:
1717 2651 1844 2701 ‘Quid

323 2725 506 2766 referam
549 2724 733 2767 Marium
779 2728 900 2767 sexto
947 2726 1172 2767 consulatu
1215 2724 1468 2780 Carthagini
1518 2723 1843 2776 mendicantem,

325 2795 506 2847 septimo
541 2795 703 2838 Romae
741 2796 1071 2852 imperantem?9
1136 2796 1293 2845 Quales
1334 2795 1570 2837 sententiae
1610 2808 1706 2835 cum
1739 2793 1843 2835 alibi

324 2867 415 2905 tum
454 2865 497 2905 in
528 2865 737 2908 Varronis
777 2867 1056 2921 loghistorico
1099 2867 1216 2907 cuius
1256 2866 1409 2907 titulus
1447 2867 1539 2906 erat
1571 2863 1753 2905 ‘Marius
1792 2865 1842 2906 de
