2003 3116
110 919 142 943 10

110 1287 142 1311 15

111 1657 145 1681 20

472 143 615 175 LIBER
640 143 690 174 IV
716 142 784 185 (v).
836 140 934 175 CAP.
963 143 1109 174 16—17.
1160 144 1179 183 ς
1205 142 1355 174 23-25.
1584 136 1667 177 315

216 250 434 306 locandae,
465 252 691 306 propterea
723 250 833 304 quod
867 250 960 292 sola
992 249 1130 291 uirtus
1163 249 1204 290 in
1238 263 1313 291 sua
1344 248 1559 302 potestate
1593 249 1670 299 est,

217 322 362 364 omnia
387 325 606 377 praeterea
632 321 823 364 subiecta
851 323 950 363 sunt
978 321 1055 362 sub
1082 320 1279 362 fortunae
1306 317 1670 362 dominationem.’

158 393 286 435 Item:
338 393 444 443 eQui
489 394 672 436 fortunis
717 393 897 435 alicuius
937 391 1102 434 inducti
1140 391 1372 433 amicitiam
1410 390 1498 432 eius
1539 389 1671 431 secuti

218 467 336 521 sunt,
378 465 442 520 hi,
486 453 610 524 simul
649 480 697 507 ac
735 465 910 507 fortuna.
946 463 1110 517 dilapsa
1150 465 1232 514 est,
1270 462 1474 504 deuolant
1512 475 1705 503 omnes„

218 535 326 579 Cum
364 537 477 578 enim
515 536 692 578 recessit
729 550 778 577 ea
808 550 895 588 res,
934 548 1042 590 quae
1073 533 1155 575 fuit
1187 533 1501 575 consuetudinis
1535 547 1673 585 causa,
1705 526 1709 541 ‘

217 607 325 649 nihil
358 610 568 662 superest,
601 622 730 664 quare
761 606 931 662 possint
961 605 1006 646 in
1039 604 1226 647 amicitia
1257 604 1420 646 teneri.'

278 677 386 721 Sunt
422 679 525 721 item
567 678 822 732 sententiae,
869 691 976 732 quae
1018 675 1241 731 dupliciter
1279 676 1519 717 efferuntur.
1581 674 1674 716 Hoc

161 750 286 793 inodo
319 751 411 792 sine
442 750 627 793 ratione:

339 828 537 882 ³Errant,
582 828 653 882 qui
691 828 735 868 in
772 826 989 881 prosperis
1027 825 1154 866 rebus
1194 824 1332 866 omnis
1370 824 1553 879 impetus
1592 823 1674 864 for-

221 902 348 941 tunae
386 914 430 942 se
468 901 624 955 putant
662 898 840 953 fugisse3
879 897 1093 949 sapienter
1125 896 1334 951 cogitant,
1374 896 1445 951 qui
1477 893 1676 949 tempori—

218 971 297 1012 bus
331 970 526 1012 secundis
559 985 682 1012 casus
715 968 916 1011 aduersos
948 967 1257 1010 reformidant?

278 1053 385 1096 Cum
417 1053 598 1108 ratione,
630 1053 711 1096 hoc
743 1054 888 1108 pacto:

336 1124 439 1174 ‘Qui
478 1125 813 1168 adulescentium
851 1123 1037 1180 peccatis
1075 1123 1242 1179 ignosci
1280 1124 1435 1178 putant
1468 1124 1677 1177 oportere,
1692 1136 1735 1166 ‘25

218 1197 442 1248 falluntur,
482 1199 709 1252 propterea
749 1196 861 1251 quod
900 1197 1017 1237 aetas
1056 1195 1133 1237 illa
1170 1211 1256 1238 non
1292 1198 1357 1236 est
1388 1194 1677 1249 inpedimento

222 1269 346 1311 bonis
391 1268 557 1311 studiis.
624 1268 685 1310 At
724 1269 754 1310 ii
793 1268 1011 1322 sapienter
1049 1267 1231 1323 faciunt,
1275 1267 1347 1322 qui
1386 1266 1677 1308 adulescentes

222 1340 403 1382 maxime
432 1340 656 1395 castigant,
682 1340 742 1394 ut,
776 1338 928 1393 quibus
955 1338 1188 1380 uirtutibus
1216 1352 1383 1380 omnem
1411 1337 1518 1378 tueri
1546 1337 1676 1378 uitam

222 1411 405 1466 possint,
438 1426 508 1453 eas
540 1412 585 1453 in
618 1413 757 1452 aetate
791 1410 1084 1452 maturissima
1116 1410 1250 1452 uelint
1282 1406 1542 1463 conparare.⁹

280 1493 522 1536 Sententias
560 1494 776 1549 interponi
814 1508 910 1536 raro
949 1494 1166 1548 conuenit,
1204 1495 1253 1535 ut
1284 1493 1346 1534 rci
1379 1494 1563 1547 actores,
1595 1506 1681 1533 non

163 1566 335 1608 uiuendi
366 1568 666 1622 praeceptores
698 1565 918 1607 uideamur
950 1580 1052 1607 esse.
1111 1564 1215 1608 Cum
1248 1566 1310 1606 ita
1341 1564 1681 1618 interponentur,

165 1638 346 1679 multum
391 1637 584 1680 adferent
627 1637 878 1680 ornamenti.
946 1635 1131 1678 Necesse
1180 1638 1245 1678 est
1289 1636 1403 1678 enim
1444 1635 1680 1689 conprobet

164 1724 259 1751 eam
303 1709 459 1751 tacitus
505 1709 692 1760 auditor,
735 1723 828 1750 cum
874 1708 926 1750 ad
971 1723 1144 1750 causam
1182 1707 1326 1750 uideat
1365 1706 1681 1749 adcommodari

164 1795 254 1822 rem
285 1782 465 1836 certam,
498 1795 548 1822 ex
579 1780 671 1822 uita
704 1781 746 1822 et
777 1780 969 1822 moribus
1003 1781 1229 1834 sumptam.

282 1944 331 1980 16
356 1944 534 1980 Priscian.
556 1945 615 1980 GL
637 1944 671 1978 II
685 1957 720 1989 p.
737 1947 792 1989 95,
811 1949 852 1979 14
874 1944 1064 1980 Inuenitur
1079 1945 1203 1979 tamen
1219 1943 1331 1979 etiam
1351 1943 1638 1978 matur-issimus.
1655 1972 1660 1978 .
1676 1972 1681 1977 .

167 1998 295 2034 Cicero
322 1998 369 2033 ad
394 1997 623 2034 Herennium
655 1998 750 2033 libro
778 1998 827 2033 V:
861 1998 994 2042 quibus
1025 1998 1226 2032 uirtutibus
1260 2009 1406 2032 omnem
1439 1997 1533 2032 tueri
1566 1997 1681 2031 uitam

166 2052 321 2098 possint,
347 2063 410 2086 eas
435 2052 472 2086 in
499 2053 622 2087 aetate
648 2052 897 2087 maturissima
924 2051 1043 2086 uelint
1068 2062 1281 2096 comparare

286 2206 309 2240 2
334 2206 483 2250 praeter
508 2216 591 2241 eam
618 2205 679 2241 ΟΕ
778 2205 928 2241 fortuna
952 2205 993 2240 H
1090 2204 1341 2240 dominatione
1367 2204 1495 2240 P‘2HE
1569 2206 1592 2240 3
1619 2205 1684 2240 ali—

170 2260 272 2294 cuius
300 2260 357 2295 est
382 2261 402 2294 b
524 2259 548 2295 4
574 2271 617 2295 ac
644 2260 705 2295 ΟΕ
749 2259 819 2295 hac
845 2259 1013 2294 HPHB
1139 2258 1294 2303 delapsa
1319 2259 1359 2293 bl
1484 2258 1507 2294 5
1535 2259 1606 2294 Cur
1634 2259 1686 2293 Pl

170 2312 341 2348 discessit
365 2313 410 2347 H
472 2313 496 2348 6
520 2313 639 2359 possit
667 2314 718 2348 Pl
792 2314 816 2348 9
843 2314 948 2348 erant
973 2312 1031 2346 Η1
1105 2311 1223 2347 omnis
1248 2315 1283 2345 M
1322 2322 1447 2347 omnes
1473 2316 1500 2345 E
1575 2312 1625 2347 10
1649 2325 1685 2347 se

171 2367 321 2412 putant]
348 2367 526 2412 reputant
551 2367 596 2402 H
713 2367 760 2402 11
788 2378 891 2402 casus
918 2366 1047 2400 P²HE
1086 2366 1205 2401 causis
1232 2365 1396 2400 HPBO
1518 2365 1566 2400 13
1592 2365 1686 2407 Quid

170 2419 357 2455 HP1HB
455 2420 746 2456 adolescentium
774 2420 851 2455 obl
932 2420 1068 2464 putant
1092 2419 1233 2464 ignosci
1259 2420 1299 2454 bl
1371 2429 1446 2453 non
1471 2421 1640 2464 oportere
1659 2424 1686 2452 E

171 2472 219 2508 14
244 2472 332 2517 quia
359 2474 378 2508 b
516 2473 770 2518 inpedimento
797 2473 842 2508 H
875 2473 1142 2517 impedimento
1167 2473 1299 2518 reliqui
1443 2472 1491 2507 15
1511 2472 1537 2506 ii
1563 2473 1600 2507 P
1633 2473 1687 2507 hii

171 2524 285 2561 ΒΘΖ2
322 2526 363 2561 hi
386 2527 438 2561 Ρ2
449 2527 617 2563 ΟἳΗΠΕ
692 2527 943 2562 adolescentes
967 2531 994 2560 E
1069 2526 1118 2562 16
1145 2525 1383 2571 castigabunt
1408 2525 1454 2560 H
1511 2528 1552 2561 ut
1571 2538 1626 2562 om
1646 2526 1692 2561 H

170 2579 268 2615 tueri
293 2579 412 2614 uitam
441 2581 675 2626 Priscianus]
703 2579 822 2615 uitam
847 2579 944 2615 tueri
1065 2580 1110 2615 17
1140 2580 1303 2614 aetatem
1332 2580 1620 2614 maturissimam
1646 2580 1692 2614 H

171 2645 372 2678 conparare
402 2633 480 2668 PB
518 2644 730 2678 comparare
756 2634 888 2678 reliqui
997 2632 1045 2668 18
1070 2632 1167 2668 inter
1198 2632 1287 2678 poni
1318 2633 1401 2667 ΗΒ
1503 2644 1587 2668 raro
1613 2633 1687 2667 HE

170 2699 251 2724 rare
277 2686 438 2723 PHBO
533 2687 700 2722 auctores
727 2686 799 2722 Hel
896 2699 969 2722 non
994 2687 1033 2721 in
1058 2687 1078 2722 b
1164 2685 1212 2721 19
1238 2686 1335 2720 inter
1359 2687 1542 2731 ponentur
1561 2686 1688 2721 HPB

173 2742 223 2777 20
249 2741 462 2777 adferentur
489 2741 533 2776 H
566 2740 738 2775 different
763 2742 782 2775 b
822 2740 976 2776 afferent
996 2741 1040 2775 ld
1098 2738 1320 2785 ornamenti]
1348 2741 1472 2774 tamen
1492 2740 1537 2774 H
1593 2740 1689 2774 Nam

172 2806 323 2830 necesse
362 2796 418 2830 est
455 2796 480 2831 d
603 2794 700 2828 enim
745 2793 823 2829 Obz
870 2793 985 2828 animi
1028 2793 1151 2827 HPB
1201 2792 1323 2827 animo
1364 2792 1489 2827 P²Hd
1606 2803 1688 2828 con-

174 2849 305 2893 probet
330 2847 451 2883 HPO
485 2847 616 2893 probet
641 2848 682 2882 bl
717 2846 933 2892 comprobet
959 2846 1068 2882 I'IBd
1182 2845 1230 2880 21
1258 2846 1302 2881 ad
1330 2857 1384 2881 om
1411 2847 1430 2881 b
1547 2857 1689 2882 accom-

174 2901 318 2937 modari
345 2901 438 2936 12²1]
445 2904 471 2934 E
