2003 3116
296 96 378 137 146
867 95 1233 129 PRoLEeoMENA.

291 207 413 248 nobis
446 206 633 259 primum
665 203 818 243 Latine
852 202 1001 243 docere
1034 201 1224 255 coepisse
1256 201 1444 242 Plotium
1477 203 1698 257 quendam.
1741 203 1806 245 Ad

293 291 416 332 quem
444 289 538 316 cum
564 274 685 314 fieret
711 287 953 327 concursus,
986 271 1098 327 quod
1125 271 1463 313 studiosissimus
1490 273 1667 327 quisque
1696 275 1807 329 apud

293 362 386 388 eum
420 347 695 398 exerceretur,
728 343 926 384 dolebam
959 342 1063 384 mihi
1097 342 1209 384 idem
1241 357 1327 384 non
1358 343 1494 385 licere.
1547 341 1807 386 Continebar

292 419 433 458 autem
465 416 808 458 doctissimorum
840 414 1063 456 hominum
1096 414 1370 469 auctoritate,
1403 414 1474 468 qui
1507 414 1809 457 existimabant

292 487 464 529 Graecis
502 486 877 528 exercitationibus
923 486 980 527 ali
1020 485 1170 527 melius
1216 485 1390 540 ingenia
1428 484 1584 539 posse.5
1644 485 1806 527 Eadem

289 558 377 599 fere
403 557 515 599 idem
541 558 672 599 refert
692 556 812 598 Brut.
833 557 901 611 90,
922 557 1028 598 310:
1061 554 1414 598 eCommentabar
1439 556 1718 598 declamitans
1739 589 1748 599 .
1769 591 1776 598 .
1799 590 1807 598 .

290 629 446 671 cotidie
489 629 615 684 idque
659 628 872 670 faciebam
916 628 1099 670 multum
1144 628 1274 669 etiam
1318 627 1489 682 Latine,
1533 627 1606 668 sed
1651 627 1808 669 Graece

293 701 473 755 saepius,
505 701 573 742 uel
599 700 711 755 quod
739 699 902 741 Graeca
928 699 1066 741 oratio
1093 699 1218 753 plura
1245 701 1499 740 ornamenta
1532 698 1808 754 suppeditans

291 772 644 814 consuetudinem
676 771 875 813 similiter
903 769 1055 812 Latine
1089 770 1255 812 dicendi
1289 769 1508 811 adferebat
1538 770 1607 811 uel
1640 769 1752 824 quod
1785 785 1810 811 a

293 843 466 886 Graecis
494 843 671 885 summis
698 842 958 897 doctoribus,
987 841 1071 883 nisi
1096 840 1254 882 Graece
1282 840 1465 882 dicerem
1490 855 1626 896 neque
1653 841 1810 896 corrigi

290 929 460 970 possem
493 929 629 970 neque
667 912 841 956 doceri':
882 913 990 955 conf.
1024 912 1074 954 de
1107 913 1175 954 off.
1202 911 1223 953 Ι
1255 912 1295 966 l,
1324 913 1360 953 1.
1420 911 1538 967 Ergo
1571 911 1714 953 Latini
1746 912 1812 953 illi

291 986 487 1028 rhetores
520 1000 608 1027 non
639 985 680 1026 id
713 987 929 1026 nouarunt
962 986 1010 1025 ut
1041 983 1193 1025 Latine
1227 982 1443 1037 docerent,
1477 983 1549 1024 sed
1582 986 1629 1025 ut
1659 982 1812 1024 Latine

291 1058 493 1100 docerent
531 1057 646 1099 omni
680 1055 843 1098 Graeca
880 1056 1030 1110 lingua
1062 1070 1082 1096 e
1116 1054 1264 1096 schola
1297 1054 1487 1095 sublata:
1528 1069 1665 1110 neque
1700 1054 1812 1096 enim

291 1142 340 1169 ea
378 1143 486 1183 quae
519 1127 603 1170 Cic.
629 1127 678 1168 de
712 1142 770 1169 or.
796 1126 816 1168 I
842 1127 916 1181 33,
946 1126 1026 1167 149
1067 1124 1268 1167 Crassum
1307 1124 1407 1166 fecit
1446 1124 1723 1166 disserentem
1762 1125 1812 1165 de

291 1199 681 1242 controuersiarum
718 1198 913 1239 fictarum
957 1196 1266 1238 declamatione
1308 1196 1433 1237 aliter
1473 1198 1654 1250 possunt
1693 1196 1813 1237 intel-

291 1271 377 1326 legi
416 1285 543 1325 quam
582 1270 632 1311 de
669 1268 1045 1311 exercitationibus
1078 1267 1259 1309 Latinis.
1321 1266 1478 1308 Mirum
1509 1267 1701 1321 profecto
1735 1270 1812 1322 est,

291 1342 404 1397 quod
430 1341 477 1383 L.
506 1340 686 1383 Crassus
719 1339 1065 1396 ῥητορικώτοιτος
1096 1339 1168 1380 ille
1201 1338 1394 1379 omnium
1421 1337 1494 1393 qui
1520 1337 1811 1380 Metrodorum

293 1412 501 1454 Graecum
534 1415 578 1454 et
610 1411 801 1454 Caelium
833 1410 1037 1452 Latinum
1070 1410 1287 1451 rhetorem
1321 1409 1527 1464 audierat,
1558 1409 1602 1450 in
1634 1424 1814 1450 censura

292 1499 369 1525 sua
401 1484 621 1526 rhetorum
654 1482 824 1524 scholas
856 1482 954 1523 illas
989 1481 1180 1523 sustulit:
1221 1495 1328 1535 quae
1359 1495 1462 1522 uero
1502 1480 1614 1535 apud
1647 1479 1813 1522 Cicero-

291 1570 388 1596 nem
420 1556 464 1596 in
497 1555 617 1596 libris
650 1554 700 1596 de
734 1557 904 1596 oratore
938 1567 1049 1595 anno
1082 1540 1277 1607 proxfino
1311 1552 1354 1593 in
1379 1551 1571 1593 rhetores
1602 1551 1698 1592 illos
1726 1551 1813 1592 ani-

291 1626 541 1680 maduertit,
574 1641 624 1667 ea
654 1626 768 1667 leuia
801 1639 902 1667 sane
936 1627 1055 1666 sunt:
1095 1639 1200 1679 opus
1234 1638 1324 1666 esse
1356 1622 1602 1665 hominibus
1635 1621 1812 1664 eruditis

293 1697 345 1738 ad
378 1698 669 1739 adulescentes
710 1696 1019 1738 instituendos:
1060 1695 1259 1750 uulgaria
1292 1708 1384 1737 esse
1417 1709 1466 1736 ea
1497 1709 1603 1749 quae
1635 1694 1699 1735 illi
1730 1695 1814 1735 tra-

293 1769 443 1810 derent
474 1768 849 1823 adulescentesque
888 1767 997 1808 nihil
1029 1768 1073 1808 in
1105 1767 1214 1808 ludis
1248 1766 1335 1807 illis
1369 1766 1528 1807 discere
1560 1765 1644 1806 nisi
1676 1765 1814 1819 impu-

291 1840 440 1882 dentes
474 1854 565 1881 esse
599 1841 641 1881 et
673 1839 874 1880 audaces:
907 1853 1042 1893 neque
1076 1852 1179 1879 uero
1212 1837 1287 1879 illo
1322 1852 1424 1878 usus
1458 1839 1523 1878 est
1548 1821 1812 1892 argumento,

292 1909 483 1953 ‘Graecis
521 1910 897 1952 exercitationibus
940 1909 1114 1951 omnino
1157 1909 1214 1950 ali
1254 1909 1404 1949 melius
1443 1908 1619 1963 ingenia
1657 1907 1812 1962 posse'.

292 1981 377 2024 Cur
396 1982 529 2037 igitur
551 1980 731 2023 Crassus
758 1982 831 2036 qui
853 1980 1038 2023 Graecos
1067 1980 1260 2022 rhetores
1286 1980 1490 2034 probaret
1509 1977 1638 2020 Plotii
1665 1978 1813 2019 ludum

293 2053 496 2095 sustulit?
541 2053 654 2095 Nam
681 2052 819 2094 edicto
840 2052 914 2094 illo
942 2051 1112 2093 etiamsi
1131 2054 1179 2093 ut
1205 2056 1298 2092 erat
1316 2050 1603 2093 necessarium
1628 2064 1813 2091 commu-

291 2125 403 2166 niter
428 2123 572 2166 Latini
598 2124 791 2165 rhetores
819 2123 1140 2178 appellarentur
1172 2125 1318 2164 tamen
1346 2136 1476 2163 unum
1504 2122 1625 2162 illum
1651 2120 1697 2162 L.
1717 2121 1812 2162 Plo-

291 2196 401 2236 tium
433 2195 616 2250 petitum
648 2195 778 2236 fuisse
814 2194 939 2236 sicuti
964 2197 1114 2249 postea
1142 2194 1258 2236 solus
1284 2193 1340 2235 M.
1367 2192 1516 2235 Cicero
1542 2193 1635 2248 lege
1663 2191 1812 2234 Clodia

292 2266 518 2320 petebatur
533 2264 700 2320 (Vellei.
716 2265 840 2317 1145,
855 2265 897 2319 1)
920 2280 1190 2320 summopere
1210 2264 1432 2319 probabile
1453 2267 1537 2306 est:
1559 2264 1668 2305 conf.
1682 2278 1810 2318 supra

291 2353 331 2393 p.
356 2338 437 2378 143
466 2340 507 2378 et
528 2335 642 2378 Suet.
663 2337 688 2377 l.
709 2352 741 2378 s.
761 2351 791 2377 s.
834 2334 949 2377 ‘Non
970 2336 1081 2391 quo',
1107 2337 1257 2390 inquit,
1284 2336 1346 2377 ‘ut
1367 2336 1510 2377 nescio
1539 2349 1644 2390 quos
1673 2335 1809 2375 dicere

293 2408 476 2461 aiebant,
504 2408 597 2449 acui
617 2407 791 2462 ingenia
818 2407 1154 2448 adulescentium
1174 2406 1346 2462 nollem,
1373 2406 1443 2447 sed
1464 2408 1612 2447 contra
1638 2406 1810 2461 ingenia

294 2478 473 2520 obtundi
505 2479 640 2533 nolui,
671 2478 939 2521 corroborari
971 2477 1305 2533 impudentiam?
1370 2476 1531 2526 Quibus
1564 2476 1706 2518 uerbis
1740 2491 1810 2530 ap-

293 2552 416 2604 paret
442 2563 645 2604 magnam
671 2550 748 2592 illo
777 2550 912 2592 edicto
937 2550 1048 2605 apud
1076 2549 1344 2591 aduersarios
1366 2547 1520 2590 Crasso
1547 2550 1810 2590 contractam

295 2635 386 2662 esse
413 2621 637 2664 inuidiam:
664 2636 741 2663 nec
767 2621 997 2663 immerito.
1046 2620 1158 2662 Nam
1187 2634 1293 2675 quae
1321 2620 1373 2661 ab
1401 2620 1476 2661 illo
1508 2619 1619 2674 apud
1646 2618 1810 2660 Cicero—

292 2706 389 2733 nem
427 2696 577 2735 contra
608 2693 784 2735 Latinos
822 2692 1016 2734 rhetores
1058 2692 1256 2734 dicuntur
1294 2694 1369 2733 aut
1408 2690 1580 2733 omnino
1619 2689 1699 2730 dici
1737 2704 1809 2744 po-

294 2765 454 2818 terant,
493 2779 541 2806 ea
574 2767 616 2805 et
652 2769 799 2806 contra
831 2762 1024 2805 Caelium
1057 2766 1098 2805 et
1130 2762 1338 2817 Opillium
1371 2765 1413 2804 et
1445 2764 1593 2804 contra
1626 2760 1810 2801 Graecos

294 2833 486 2875 rhetores
518 2838 718 2889 poterant
743 2835 925 2890 proferri
952 2835 1170 2889 multoque
1196 2833 1349 2875 iustius
1376 2835 1418 2874 et
1444 2831 1617 2886 aequius
1644 2834 1809 2872 ueteres
