2003 3116
647 215 1016 249 PROLEGOMENA.
1535 213 1588 252 19

71 323 289 378 pletorum
322 325 435 365 recte
468 324 754 366 aestimandas
786 326 938 379 postea
971 323 1203 378 apparebit.
1265 321 1414 378 Neque
1445 325 1591 364 tamen

72 394 226 449 ubique
266 394 383 437 codd.
425 394 553 436 HPB
592 395 704 437 cedit
747 398 892 437 noster
932 395 1144 437 bonitate:
1182 394 1315 436 ueluti
1346 393 1409 436 IV
1435 393 1504 448 50,
1534 394 1589 435 63

73 463 344 508 Corbeiensis
376 469 421 507 at
450 467 497 508 de
526 465 576 507 Ῐιο
608 469 651 508 tu
683 467 818 520 inquit
846 467 943 508 ueni
972 467 1133 520 sannio,
1171 467 1244 507 ubi
1281 464 1323 506 H
1363 466 1426 507 Tu
1457 464 1592 518 inquit

71 538 187 579 uenis
223 538 349 580 annio
387 537 440 579 B:
477 538 575 579 adeo
612 541 656 579 tu
693 552 726 580 e.
759 553 797 592 q.
830 553 879 593 s,
917 538 962 579 in
994 538 1026 580 P
1063 538 1191 579 lectio
1224 537 1341 592 prior
1374 551 1496 578 erasa
1525 537 1592 576 est

77 633 126 638 ——
149 608 293 650 uerbis
320 608 541 663 scriptoris
565 611 611 649 at
634 607 704 650 eho
732 611 776 650 tu
801 623 836 651 e.
856 623 893 663 q.
915 623 946 649 s.
973 606 1006 650 C
1031 607 1250 663 proximus
1284 610 1362 648 est.
1411 606 1473 648 IV
1500 607 1539 660 3,
1564 606 1591 648 5

73 680 200 722 libare
237 680 397 722 laudem
437 693 538 721 uera
573 681 638 720 est
675 679 905 734 scriptura:
949 679 1120 720 liberare
1156 679 1303 720 audem
1339 677 1436 731 ΗΡ,
1475 678 1594 720 libere

73 749 232 793 laudem
265 750 317 805 B,
359 750 485 792 libera
523 750 683 792 laudem
721 748 766 792 C.
827 749 963 792 Locos
1002 753 1144 792 autem
1183 750 1280 791 illos
1319 750 1393 791 ubi
1426 747 1592 791 Ouden-

73 822 209 876 dorpii
247 821 408 863 Halmii
453 822 638 864 aliorum
683 822 955 864 coniecturae
994 821 1149 863 codicis
1188 821 1303 862 illius
1337 821 1592 862 auctoritate

70 893 377 934 confirmantur
413 907 525 934 nunc
557 893 755 935 consulto
788 894 993 949 relinquo.
1058 891 1159 935 Cod.
1194 892 1373 933 contuli:
1408 892 1585 932 eundem

72 964 276 1020 descripsi
318 967 360 1007 et
401 965 629 1006 nonnullas
675 979 726 1006 ex
769 979 817 1006 eo
862 964 1066 1006 lectiones
1111 963 1273 1018 protuli
1311 962 1420 1005 Mus.
1457 962 1594 1004 Rhen.

67 1035 209 1077 XLIII
241 1052 280 1091 p.
307 1037 392 1078 376
420 1051 534 1091 seqq.
567 1035 750 1091 Kayseri
782 1036 918 1078 fretus
953 1036 1160 1078 editione:
1199 1049 1328 1090 quare
1360 1034 1592 1076 multorum

67 1121 174 1161 quae
213 1107 302 1150 illic
339 1108 464 1163 posui
502 1122 614 1150 nunc
644 1110 875 1163 postquam
911 1108 1016 1150 meis
1049 1108 1112 1149 uti
1144 1121 1321 1162 possum
1354 1106 1592 1148 collationi-

66 1179 144 1220 bus
178 1177 296 1221 codd.
327 1178 448 1235 piget
480 1182 522 1221 et
553 1179 757 1235 paenitet.
819 1178 962 1221 Codex
994 1179 1119 1221 nobis
1152 1179 1233 1221 erit
1262 1178 1308 1222 C.

186 1249 224 1291 5.
265 1247 408 1291 Codex
447 1249 664 1293 Parisinus
700 1251 810 1292 7231
853 1250 970 1292 codd.
1003 1250 1256 1293 Latinorum
1294 1249 1594 1305 bybliothecae

66 1321 282 1377 quondam
321 1321 464 1376 regiae
504 1337 616 1364 nunc
654 1322 850 1378 publicae
889 1322 1028 1364 forma
1068 1322 1282 1378 oblongus
1316 1322 1499 1376 scriptus
1533 1335 1593 1362 se-

69 1393 252 1436 cundum
286 1391 534 1449 CLangium
569 1394 666 1436 edit.
693 1393 864 1449 Vegetii
894 1410 934 1449 p.
961 1392 1129 1435 XXVII
1163 1396 1205 1435 et
1236 1392 1435 1448 Catalogi
1468 1407 1595 1447 supra

68 1480 106 1519 p.
144 1465 197 1506 12
235 1464 399 1506 laudati
438 1470 657 1506 auctorem
691 1463 734 1521 (l.
762 1480 792 1506 s.
819 1479 849 1505 s.
881 1480 918 1520 p.
947 1462 1052 1521 329)
1087 1480 1194 1507 saec.
1222 1464 1324 1516 XII,
1364 1465 1593 1507 secundum

68 1539 286 1579 auctorem
325 1536 510 1590 Kayseri
549 1537 647 1578 edit.
686 1552 724 1591 p.
759 1535 882 1577 XXV
915 1537 941 1578 2
988 1540 1168 1579 exeunte
1208 1551 1316 1579 saec.
1355 1536 1393 1577 X
1437 1536 1595 1578 litteris

68 1608 288 1664 perparuis
335 1608 440 1649 satis
485 1609 764 1664 neglegenter
810 1610 853 1649 et
895 1608 1116 1650 inerudite.
1173 1607 1393 1650 Foliorum
1431 1610 1496 1649 est
1529 1607 1596 1662 85,

70 1695 250 1735 quorum
286 1679 474 1721 1—13r.
514 1679 735 1721 continent
757 1678 992 1734 Vegetium
1027 1680 1076 1721 de
1109 1694 1153 1721 re
1187 1680 1284 1734 mil.‚
1321 1680 1374 1721 14
1388 1678 1595 1721 r.—35u.

70 1750 283 1805 Solinum,
337 1749 568 1792 3511.—37
585 1766 624 1792 u.
675 1751 914 1792 rhetoricae
960 1751 1011 1792 ad
1055 1750 1156 1793 Her.
1200 1754 1367 1807 partem
1411 1752 1594 1806 priorem

67 1837 200 1877 usque
232 1823 283 1864 ad
311 1822 353 1863 II
378 1823 417 1877 4,
446 1824 484 1876 7,
516 1822 587 1864 fol.
613 1823 914 1865 38r.-—44u.
948 1823 1000 1864 ad
1027 1822 1128 1865 Her.
1160 1823 1317 1865 librum
1346 1822 1409 1864 IV
1441 1823 1539 1864 inde
1573 1838 1594 1863 a

68 1893 128 1936 IV
166 1895 209 1949 8,
245 1895 317 1948 12,
361 1894 431 1936 fol.
458 1895 515 1935 44
531 1909 568 1935 u.
588 1919 636 1924 —
660 1895 718 1937 45
734 1911 771 1936 u.
804 1893 1022 1938 Ciceronis
1060 1895 1207 1950 partit.
1243 1897 1399 1937 orator.
1431 1897 1594 1949 partem

68 1966 274 2021 priorem,
311 1965 383 2007 fol.
420 1966 478 2007 46
493 1981 524 2007 r.
545 1990 591 1995 -—
617 1966 672 2008 53
688 1981 726 2008 u.
772 1966 824 2008 ad
868 1965 967 2008 Her.
1001 1966 1042 2008 Π
1067 1968 1106 2022 4,
1141 1966 1314 2009 7—IV
1347 1967 1386 2021 8,
1415 1967 1487 2021 12,
1525 1966 1594 2006 fol.

69 2036 294 2078 541·‚—57
312 2053 350 2078 u.
378 2037 524 2092 partit.
553 2040 710 2080 orator.
737 2052 845 2094 quae
878 2040 1062 2080 restant:
1096 2041 1298 2081 secuntur
1323 2039 1367 2079 in
1394 2038 1454 2079 eis
1488 2051 1596 2092 quae

70 2108 235 2163 reliqua
267 2111 367 2150 sunt
399 2108 512 2150 foliis
546 2109 779 2164 conscripti
815 2109 952 2152 Iulius
987 2109 1242 2152 Seuerianus
1276 2109 1452 2159 Quintil.
1489 2109 1597 2150 liber

70 2178 110 2220 X
134 2179 400 2234 Augustinus
429 2180 478 2221 de
505 2195 612 2222 mus.
638 2183 850 2222 tractatus
883 2181 932 2222 de
965 2181 1079 2223 notis
1108 2179 1326 2223 Ciceronis
1359 2195 1597 2235 synonyma

71 2265 344 2293 nummorum
377 2251 658 2293 definitiones.
715 2251 857 2293 Codex
894 2253 1020 2307 plane
1059 2252 1216 2293 eisdem
1257 2252 1423 2294 lacunis
1461 2251 1598 2293 defor-

71 2324 212 2364 matus
263 2325 328 2364 est
367 2325 493 2377 atque
531 2321 715 2365 HPBC.
778 2322 858 2372 Qui
903 2339 998 2366 eum
1044 2339 1093 2366 ex
1133 2323 1165 2365 P
1204 2324 1464 2378 descriptum
1504 2337 1597 2364 esse

71 2393 195 2449 dixit,
233 2394 394 2435 errauit
438 2394 509 2435 ille
554 2394 735 2450 quidem.
797 2394 910 2436 Nam
955 2396 998 2436 in
1044 2397 1127 2437 fine
1166 2395 1265 2437 libri
1301 2394 1363 2436 IV
1395 2395 1428 2436 P
1465 2395 1598 2436 habet

71 2466 221 2520 ordine,
253 2465 325 2507 ille
357 2468 470 2507 recte
496 2466 682 2508 ordinate
706 2465 749 2507 H
770 2466 808 2520 5,
835 2466 860 2508 8
888 2469 924 2507 et
953 2468 1086 2521 massis
1115 2467 1241 2520 firma
1266 2467 1339 2508 ille
1372 2481 1468 2508 cum
1500 2466 1597 2507 reli-

72 2537 180 2592 quis,
204 2537 278 2578 ubi
298 2536 331 2577 P
350 2552 404 2578 m.
427 2538 449 2578 1
479 2537 642 2578 omittit
669 2540 706 2579 et
728 2538 860 2591 νεαρὰς
888 2540 932 2579 et
959 2538 1157 2580 similiter
1183 2538 1354 2593 passim.
1407 2537 1596 2579 Maximo

73 2609 358 2650 emolumento
380 2610 444 2649 est
464 2608 595 2650 codex
620 2608 692 2649 ille
714 2609 766 2650 ad
793 2609 999 2650 lectiones
1027 2610 1114 2651 cod.
1142 2610 1174 2650 P
1202 2624 1345 2651 erasas
1372 2610 1596 2651 restituen-

72 2680 166 2721 das:
198 2695 298 2722 nam
331 2694 381 2721 ex
414 2679 561 2721 eodem
595 2680 829 2735 archetypo
863 2695 946 2735 quo
972 2680 1006 2721 P
1037 2680 1242 2723 deductus
1271 2684 1347 2723 est.
1398 2680 1595 2722 Codieem

74 2752 252 2794 contuli:
292 2766 427 2806 neque
469 2754 614 2792 tamen
655 2754 793 2793 totam
830 2752 1065 2807 scripturae
1097 2753 1352 2795 uarietatem
1392 2752 1597 2794 adnotaui

73 2823 147 2865 sed
193 2839 241 2864 ea
285 2823 584 2864 tantummodo
627 2822 781 2877 quibus
824 2838 929 2877 opus
972 2838 1064 2865 esse
1109 2823 1214 2865 mihi
1258 2824 1400 2865 uisum
1442 2826 1508 2865 est
1545 2823 1596 2865 ad

74 2895 354 2949 archetypum
395 2893 486 2935 eod.
518 2893 550 2934 P
595 2894 940 2949 recuperandum.
1004 2894 1086 2936 Est
1116 2896 1160 2937 in
1192 2895 1377 2951 Kayseri
1410 2895 1597 2938 editione

73 2979 104 3006 π
135 2965 280 3007 littera
311 2967 499 3019 notatus,
531 2965 575 3006 in
606 2968 755 3007 nostra
788 2969 840 3007 Π.

1269 3038 1313 3069 s*
