2003 3116
325 109 404 149 136
896 104 1261 137 PROLEGOMENA.

320 217 391 271 qui
430 217 503 257 aut
541 216 667 255 antea
705 214 779 253 aut
817 210 965 252 eodem
1004 212 1197 264 tempore
1235 209 1457 252 docuerint
1494 211 1709 253 obliuione
1743 226 1835 254 esse

319 287 472 329 obruta
504 283 732 325 admodum
763 281 989 337 probabile
1022 283 1096 323 est.

65 357 286 424 ῚἬΠῙέῙ-Ρξιξζξζξξθ
437 354 636 397 Omnium
669 353 781 395 enim
816 353 889 408 qui
914 352 1077 394 Romae
1109 351 1366 394 rhetoricam
1400 351 1608 394 docebant
1639 353 1836 408 princeps

319 427 461 468 extitit
498 425 542 467 L.
575 424 743 467 Caelius
777 424 1004 478 Antipater
1035 423 1140 464 iuris
1172 424 1353 478 peritus,
1390 422 1639 477 historicus,
1680 423 1837 478 rhetor,

320 498 574 540 ‘multorum
619 495 749 538 etiam
793 498 840 537 ut
882 494 928 536 L.
972 493 1118 536 Crassi
1163 494 1344 535 oratoris
1389 493 1618 549 magister’
1663 496 1837 536 auctore

319 568 521 612 Cicerone
553 567 670 609 Brut.
699 567 773 621 26,
801 567 904 622 102,
941 564 986 608 C.
1014 565 1194 607 Gracchi
1234 564 1458 607 familiaris
1495 563 1600 621 (Cic.
1627 565 1676 606 de
1709 564 1839 606 diuin.

318 640 339 682 I
366 641 434 694 26,
461 637 549 695 56).
599 638 643 681 Is
669 637 895 681 historiam
921 637 1026 679 belli
1053 635 1334 678 Hannibalici
1360 636 1618 691 composuit:
1653 635 1839 678 studium

316 712 520 754 historiae
554 713 596 753 et
627 710 864 752 rhetoricae
900 708 1119 751 coniunxit
1151 708 1264 762 quod
1297 710 1424 750 antea
1455 707 1558 749 fecit
1590 707 1838 750 Postumius

316 783 407 838 ille,
446 782 580 824 secuti
618 784 717 824 sunt
748 780 796 824 L.
827 780 997 822 Plotius
1031 778 1180 821 Gallus
1219 778 1266 822 L.
1298 778 1554 821 Voltacilius
1585 779 1754 820 Pilutus
1793 778 1840 828 Q.

318 854 491 897 Curtius
524 853 658 896 Rufus
693 853 777 894 alii.
834 852 896 893 De
929 851 1047 893 cuius
1081 851 1322 893 elocutione
1363 865 1469 905 quae
1502 850 1663 892 iudicat
1694 848 1841 892 Cicero

318 925 368 966 de
406 925 515 981 legg.
543 924 563 965 Ι
596 926 636 980 2,
663 925 705 966 6:
754 922 928 966 ‘Fannii
969 925 1113 964 autem
1152 924 1292 963 aetate
1333 922 1583 964 coniunctus
1617 921 1845 975 Antipater

310 996 439 1050 paulo
481 996 651 1049 inflazcit
690 995 962 1038 uehementius
1004 993 1240 1048 habuitque
1291 993 1404 1034 uires
1446 993 1628 1049 agrestis
1674 991 1843 1047 quidem

319 1071 447 1123 atque
479 1066 703 1122 horridas’,
735 1081 785 1108 ea
818 1066 870 1108 ad
898 1065 1051 1107 Graeci
1080 1064 1301 1107 cuiusdam
1333 1064 1606 1120 grammatici
1640 1063 1843 1105 iudicium

319 1139 369 1180 de
420 1138 572 1180 Graeci
615 1138 811 1180 historici
855 1137 1036 1179 alicuius
1081 1136 1322 1178 elocutione
1367 1136 1602 1191 composita
1642 1149 1733 1176 esse
1775 1149 1843 1189 ap-

319 1212 440 1264 paret
476 1210 632 1252 collato
671 1209 846 1265 Dionys.
880 1207 1017 1250 Halic.
1051 1207 1103 1249 ad
1141 1206 1216 1250 Cn.
1251 1207 1400 1262 Pomp.
1434 1207 1555 1262 epist.
1591 1221 1680 1261 cap.
1705 1207 1733 1247 4
1774 1206 1845 1260 qui

318 1282 422 1323 haec
448 1281 498 1322 de
524 1280 808 1336 Xenophonte
838 1279 1001 1321 tradat:
1034 1279 1115 1320 κᾶν
1147 1293 1251 1320 ποτε
1285 1279 1497 1332 διεγεῖραι
1529 1280 1734 1332 βουληθῇ
1765 1277 1846 1330 τὴν

322 1353 487 1408 φράσιν
519 1352 671 1406 ὀλίγον
704 1351 950 1407 ἐμπνεύσας
982 1351 1126 1405 ὥσπερ
1159 1349 1362 1404 ἀπόγειος
1394 1345 1507 1405 αὖρα
1531 1347 1694 1404 ταχέως
1719 1346 1841 1402 σβέν-

318 1439 459 1467 νυται.
520 1423 562 1466 Is
602 1422 773 1466 Caelius
815 1438 864 1465 ea
904 1423 953 1465 de
999 1436 1127 1464 causa
1172 1421 1422 1477 diligentius
1468 1420 1719 1462 tractandus
1768 1422 1844 1473 est,

320 1496 431 1551 quod
459 1496 642 1550 scriptor
669 1495 720 1537 ad
744 1494 842 1537 Her.
863 1509 913 1536 ex
940 1493 1223 1548 scriptoribus
1245 1492 1452 1534 sermonis
1473 1491 1683 1547 pedestris
1705 1491 1842 1533 solum

319 1567 431 1609 hunc
464 1567 662 1609 adhibuit
693 1581 772 1622 pro
806 1566 1001 1620 exemplo
1033 1563 1095 1606 IV
1124 1565 1190 1620 12,
1219 1565 1272 1606 18
1305 1566 1529 1619 praeterea
1561 1563 1688 1604 huius
1722 1562 1843 1604 disci-

319 1639 468 1693 pulum
499 1637 545 1680 L.
578 1637 780 1680 Crassum
811 1637 873 1679 IV
900 1638 939 1691 3,
965 1636 1003 1678 5.

439 1709 664 1751 Oratorem
684 1708 876 1751 Caelium
899 1707 1028 1750 fuisse
1050 1707 1254 1749 traditum
1280 1721 1366 1749 non
1393 1709 1474 1748 est:
1502 1706 1721 1748 rhetorem
1749 1719 1844 1747 eum

319 1780 453 1822 fuisse
492 1795 541 1821 ex
578 1781 672 1823 loco
704 1779 827 1822 Bruti
860 1795 891 1822 s,
918 1794 949 1821 s.
977 1778 1219 1833 didicimus,
1257 1781 1478 1833 praeterea
1510 1778 1767 1819 historicum
1800 1779 1843 1818 et

319 1851 424 1893 iuris
464 1851 588 1894 ualde
626 1851 822 1907 peritum.
887 1851 1029 1905 Atque
1062 1850 1106 1891 in
1139 1850 1199 1891 eis
1233 1864 1339 1904 quae
1372 1850 1422 1891 de
1454 1849 1545 1890 iure
1579 1848 1697 1891 ciuili
1736 1863 1845 1890 com-

321 1925 524 1976 posuerat
561 1922 657 1976 plus
698 1938 795 1965 eum
837 1936 1011 1977 operam
1051 1921 1216 1962 dedisse
1256 1920 1528 1975 eloquentiae
1571 1934 1698 1975 quam
1740 1920 1845 1961 iuris

321 1993 524 2035 scientiae
552 1997 700 2036 auctor
726 1996 790 2035 est
810 1992 1069 2048 Pomponius
1097 1992 1185 2048 dig:
1203 1991 1223 2033 I
1244 1992 1283 2046 2,
1303 1992 1342 2046 2,
1361 1992 1437 2033 40:
1469 1991 1514 2032 in
1540 1991 1723 2033 historia
1750 2005 1846 2032 con-

322 2064 544 2106 scribenda
567 2064 826 2107 Asianorum
847 2065 1069 2106 rhetorum
1090 2063 1286 2105 imitatus
1311 2065 1374 2105 est
1401 2062 1614 2105 scribendi
1634 2062 1844 2103 rationem

322 2135 373 2177 de
400 2150 484 2190 qua
511 2137 600 2191 egit
628 2135 713 2178 Cic.
735 2151 794 2178 or.
817 2136 884 2191 69,
911 2136 1009 2178 229.
1061 2133 1159 2177 Stili
1186 2149 1288 2176 uero
1317 2134 1467 2176 Asiani
1495 2134 1620 2189 signa
1649 2133 1733 2174 tria
1759 2133 1846 2175 fere

323 2209 439 2248 sunt:
470 2207 655 2261 primum
687 2207 799 2249 enim
826 2207 1036 2262 Hegesias
1064 2206 1134 2248 ille
1162 2205 1461 2261 Hegesiaeque
1497 2207 1729 2246 sectatores
1756 2219 1846 2246 sen-

322 2278 514 2337 tentiolis
542 2281 583 2319 et
602 2279 779 2320 minutis
804 2281 845 2320 et
865 2279 1040 2333 paribus
1067 2277 1189 2332 quasi
1214 2276 1467 2318 frustilatim
1494 2276 1617 2317 iactis
1638 2278 1845 2330 tanquam

324 2338 544 2390 saltabant
574 2349 809 2391 incidentes
842 2349 1088 2404 particulas.
1139 2347 1303 2388 Deinde
1331 2347 1529 2389 inflatum
1563 2349 1605 2388 et
1635 2346 1846 2388 tumidum

323 2419 533 2473 quoddam
566 2433 701 2474 genus
729 2420 894 2462 dicendi
921 2421 1142 2474 captantes
1171 2433 1411 2460 sermonem
1445 2433 1594 2460 sanum
1623 2420 1665 2459 et
1685 2417 1845 2472 simpli-

324 2505 414 2532 cem
429 2491 767 2545 aspernabantur
779 2494 825 2533 ut
840 2491 1041 2532 fri-uolum
1058 2504 1105 2532 ac
1121 2490 1344 2545 uulgarem
1358 2505 1367 2532 ε
1381 2492 1601 2545 postremo
1617 2513 1662 2518 —
1676 2489 1719 2530 id
1732 2489 1845 2543 quod

324 2562 628 2616 grauissimum
649 2566 714 2605 est
735 2562 925 2605 omnium
947 2587 999 2591 —
1022 2561 1177 2616 puerili
1201 2560 1387 2615 quodam
1409 2561 1552 2603 studio
1579 2560 1845 2615 rhythmicae

325 2634 531 2675 orationis
565 2634 696 2676 uerba
729 2634 811 2676 huc
844 2634 945 2675 illuc
978 2632 1234 2674 traiciebant
1266 2632 1427 2687 insane,
1459 2632 1585 2674 inodo
1622 2645 1844 2673 numerose

325 2705 494 2746 caderet
525 2698 675 2760 oratio,
712 2720 763 2746 ne
796 2719 946 2747 uersus
973 2703 1142 2759 quidem
1170 2703 1357 2745 sermoni
1384 2702 1613 2745 inseruisse
1641 2715 1684 2743 se
1717 2715 1844 2756 aegre

325 2775 527 2818 ferentes:
554 2776 663 2818 conf.
685 2791 814 2831 supra
834 2792 873 2831 p.
894 2776 962 2818 99.
1005 2774 1121 2824 Quae
1141 2774 1309 2829 poetica
1330 2774 1536 2816 sermonis
1557 2773 1843 2815 numerositas

329 2845 432 2886 mire
466 2847 625 2900 placuit
658 2847 903 2889 oratoribus
937 2846 1031 2888 aeui
1058 2844 1296 2887 Gracchani
1329 2848 1371 2886 et
1403 2844 1530 2887 sicuti
1563 2844 1707 2885 omnia
1739 2859 1844 2899 quae
