2003 3116
643 120 1011 154 PROLEGOMENA.
1526 116 1581 158 65

60 233 175 273 recte
207 231 260 272 ad
290 230 353 272 IV
381 231 456 284 54,
477 231 532 272 68
573 230 799 271 adnotant:
838 228 983 270 lilerio
1020 228 1115 270 haec
1153 228 1283 270 oratio
1323 227 1580 269 conuenisset.

61 301 111 343 In
143 301 441 343 emendatione
472 301 581 342 nihil
612 301 866 355 praestitere
898 314 976 341 nec
1007 300 1157 341 melior
1184 298 1418 340 Alexandri
1443 297 1581 339 Minu-

59 373 167 414 tiam'
193 373 324 415 editio
350 373 485 414 totius
513 370 732 414 Ciceronis
759 372 956 428 princeps
982 370 1319 412 Mediolanensis
1347 370 1447 412 anni
1470 368 1581 410 1498

61 444 130 485 cui
173 446 320 485 tamen
362 443 523 498 Regius
567 446 842 498 persuaserat
884 443 1041 483 librum
1085 441 1143 482 M.
1174 441 1305 482 Tullii
1347 455 1435 482 non
1479 454 1583 481 esse.

62 515 144 564 Qui
187 516 279 570 ipse
317 528 485 569 quoque
532 516 756 568 utramque
800 513 1060 554 rhetoricam
1101 527 1151 553 ex
1197 512 1343 554 ordine
1382 511 1583 553 editionis

61 601 97 628 a.
126 586 240 628 1470
272 585 405 627 edidit
430 584 624 627 Venetiis
653 585 785 627 1502:
817 585 1045 639 impugnat
1075 583 1121 624 in
1151 584 1371 637 prooemio
1404 598 1476 624 eos
1510 583 1583 637 qui

58 670 188 710 nuper
220 657 402 710 yrandia
438 660 662 698 commenta
700 657 747 697 in
783 656 1026 697 rhetoricam
1057 655 1114 696 acl
1142 653 1243 696 Her.
1275 655 1458 695 certatim
1489 654 1583 695 emi-

60 730 218 781 serunt,
263 742 357 769 cum
405 728 540 769 satius
585 727 642 769 sit
685 727 960 769 librariorum
1005 725 1160 766 menda
1202 725 1365 767 tollere.
1433 724 1583 779 Neque

60 802 208 841 tamen
246 799 338 853 ipse
372 799 598 854 quicquam
638 798 857 853 praestitit
890 798 935 839 in
966 797 1048 838 hac
1079 811 1123 838 re
1156 797 1363 837 memoria
1396 795 1584 850 dignum.

61 870 286 912 Editiones
313 869 504 912 Venetas
538 873 740 912 secuntur
771 868 1007 924 Lipsiensis
1038 867 1152 909 1504
1190 866 1339 909 Iacobi
1367 866 1583 907 Thanneri

60 942 106 983 in
138 956 222 997 qua
258 941 443 997 primum
475 940 536 982 IV
565 942 635 996 21,
655 942 711 983 29
750 944 864 982 recte
896 940 960 981 bis
996 938 1173 994 ponitur
1203 939 1350 993 uincit,
1388 937 1585 978 Parisina

61 1028 97 1055 a.
131 1012 244 1055 1508
278 1027 302 1053 a
327 1011 486 1054 Iodoco
512 1011 649 1054 Badio
676 1012 882 1054 Ascensio
916 1014 1065 1053 curata
1097 1024 1193 1051 cum
1225 1009 1362 1052 doctis
1395 1008 1583 1050 eiusdem

61 1084 246 1126 auctoris
279 1084 596 1140 prolegomenis
635 1084 680 1124 in
713 1084 866 1138 quibus
904 1083 1064 1124 librum
1098 1080 1150 1122 ad
1182 1080 1283 1121 Her.
1315 1079 1456 1135 priore
1489 1079 1584 1122 loco

59 1156 250 1209 positum
271 1154 413 1197 Tullio
439 1155 665 1210 indignum
691 1155 861 1196 iudicat.
902 1152 1051 1208 Neque
1070 1167 1158 1194 non
1184 1151 1585 1206 praestantissimus

61 1227 238 1282 quisque
277 1227 521 1269 criticorum
559 1226 684 1282 Regii
729 1228 772 1267 et
809 1225 1102 1280 probauerunt
1140 1226 1182 1263 et
1225 1223 1587 1265 confirmauerunt

61 1301 313 1353 argumenta
351 1297 505 1353 quibus
550 1300 787 1340 commotus
827 1297 897 1338 ille
930 1295 1072 1337 Tullio
1114 1295 1270 1335 librum
1313 1293 1585 1335 abiudicauit.

62 1369 250 1411 Honoris
284 1384 412 1411 causa
443 1369 621 1411 nomino
647 1368 864 1424 Angelum
892 1366 1191 1409 Decembrium
1219 1364 1584 1406 Mediolanensem

62 1441 134 1495 qui
165 1441 211 1482 in
243 1441 365 1482 libris
398 1440 448 1481 de
480 1439 637 1482 Politia
669 1440 862 1481 literaria
894 1439 993 1481 edit.
1029 1437 1158 1480 Basil.
1194 1436 1306 1478 1562
1338 1452 1378 1491 p.
1398 1436 1454 1478 56
1472 1451 1585 1490 seqq.

61 1510 238 1553 Catonis
272 1511 455 1553 disticha
479 1510 695 1554 quenalis
723 1515 913 1553 saturam
941 1511 1137 1552 ultimam
1166 1508 1351 1551 Senecae
1382 1508 1585 1562 epistolas

61 1582 114 1623 ad
147 1583 328 1624 Paulum
360 1581 575 1624 Ciceronis
612 1583 747 1624 libros
782 1583 834 1624 ad
867 1581 969 1623 Her.
1003 1585 1046 1623 et
1084 1580 1339 1636 partitiones
1373 1578 1586 1620 oratorias

60 1656 110 1695 ut
147 1654 290 1709 spuria
328 1653 550 1695 damnauit
588 1657 631 1695 et
667 1653 890 1696 Floridum
929 1652 1137 1695 Sabinum
1181 1651 1301 1694 cuius
1346 1649 1584 1704 disputatio

61 1728 202 1767 exstat
232 1726 277 1766 in
309 1724 480 1766 Gruteri
512 1724 728 1780 Lampade
747 1724 768 1766 I
794 1741 834 1780 p.
859 1725 972 1767 1033
991 1738 1106 1779 seqq.
1140 1723 1212 1778 qui
1244 1723 1380 1764 facete
1413 1721 1587 1775 scripsit

60 1797 164 1839 haec
208 1796 422 1838 rhetorica
466 1796 744 1839 Herenniana
788 1795 985 1839 Ciceroni
1030 1810 1117 1837 non
1167 1795 1307 1849 magis
1359 1793 1586 1835 conuenire

62 1882 190 1922 quam
222 1881 431 1923 generoso
464 1882 572 1922 equo
606 1868 716 1910 asini
758 1868 978 1909 macilenti
1010 1866 1213 1908 clitellas:
1250 1865 1512 1920 reliquorum
1546 1867 1587 1905 et

60 1939 237 1981 nomina
268 1941 311 1980 et
343 1939 503 1994 scripta
535 1942 758 1981 enumerat
789 1938 1064 1980 Burmannus
1096 1937 1228 1992 praef.
1257 1952 1295 1991 p.
1323 1935 1447 1977 XXV
1459 1950 1587 1990 seqq„

61 2011 134 2065 qui
166 2013 422 2066 argumenta
459 2025 574 2052 noua
614 2014 713 2065 post
744 2010 929 2065 Regium
961 2014 1004 2051 et
1037 2010 1290 2051 Ascensium
1322 2022 1407 2048 non
1440 2011 1586 2061 protu-

59 2082 216 2123 lerunt.
258 2081 384 2123 Noua
410 2081 508 2122 inde
534 2084 653 2122 aetas
678 2080 830 2136 incipit
857 2082 910 2122 ab
938 2081 1124 2122 editione
1148 2080 1267 2121 ALDI
1288 2078 1454 2120 Veneta
1480 2092 1586 2131 quae

63 2152 201 2194 denuo
240 2153 291 2193 ad
329 2153 461 2195 libros
501 2167 630 2193 manu
668 2153 850 2207 scriptos
893 2152 1009 2194 facta
1048 2155 1113 2193 est
1152 2166 1187 2193 a.
1222 2150 1336 2191 1514
1373 2148 1588 2190 rhetorica

63 2222 280 2266 Ciceronis
325 2223 613 2279 complectens
660 2223 815 2265 omnia.
891 2222 943 2264 In
988 2238 1072 2278 qua
1116 2221 1262 2263 multis
1314 2220 1418 2262 locis
1467 2219 1587 2260 codd.

61 2295 274 2350 scriptura
311 2296 513 2337 restituta
552 2297 618 2336 est
656 2295 805 2336 classis
843 2301 898 2348 Ε,
935 2295 1070 2336 ueluti
1099 2293 1163 2336 IV
1192 2294 1265 2347 12,
1294 2293 1347 2334 18
1386 2290 1588 2333 Caecilius

61 2367 208 2422 posuit
236 2381 314 2421 pro
348 2366 511 2409 Caelius
543 2366 772 2420 editorum,
804 2365 879 2419 54,
901 2365 954 2406 67
982 2366 1109 2407 inulti
1139 2365 1288 2417 iacent,
1326 2363 1400 2417 54,
1427 2363 1481 2404 68
1513 2376 1586 2416 po-

61 2441 209 2480 stremo
240 2452 318 2492 pro
343 2452 411 2491 po.
441 2452 514 2493 ro„
544 2438 614 2492 49,
640 2438 696 2479 62
730 2436 877 2479 eodem
917 2436 1043 2478 modo
1091 2434 1308 2490 suppleuit
1347 2448 1429 2489 quo
1469 2433 1588 2475 codd.

62 2509 96 2550 ll
132 2508 166 2550 13
205 2508 255 2549 (16
301 2523 384 2563 quo
430 2523 560 2563 supra
609 2508 774 2563 egimus
818 2523 859 2562 p.
897 2508 971 2549 38:
1028 2507 1175 2548 multis
1226 2505 1332 2547 locis
1383 2504 1586 2545 traditam

63 2581 321 2635 scripturam
366 2580 595 2621 admodum
639 2579 850 2620 uiolenter
893 2578 1096 2631 mutauit,
1144 2576 1364 2618 nonnullis
1416 2575 1586 2630 egregie

66 2651 314 2694 emendauit
344 2651 478 2692 ueluti
509 2650 583 2691 ille
614 2649 778 2704 primus
810 2648 1021 2690 uocabula
1051 2648 1325 2701 mnemonica,
1362 2647 1586 2688 mnemoni-

62 2724 121 2766 cis
150 2722 217 2764 III
246 2723 310 2776 17,
331 2722 399 2763 30.
420 2722 488 2764 24.
509 2722 566 2762 40
597 2723 710 2762 recte
743 2720 980 2761 constituit.
1041 2719 1092 2760 In
1128 2718 1395 2773 praefatione
1435 2719 1586 2759 contra

63 2794 250 2837 Tullium
290 2793 391 2835 libri
431 2794 650 2834 auctorem
694 2793 806 2833 recte
851 2791 1043 2845 disputat
1081 2793 1124 2831 et
1161 2789 1236 2832 fol.
1268 2790 1340 2831 6r.
1379 2788 1512 2830 tradit
1543 2788 1587 2830 in

66 2866 156 2908 cod.
183 2865 368 2920 quodam
394 2863 589 2906 Romano
623 2862 923 2917 antiquissimo
945 2862 1104 2903 librum
1124 2861 1295 2903 nomine
1315 2859 1586 2904 M.Gallionis

135 2939 183 2966 Ad
204 2941 390 2966 Herennium
410 2940 483 2965 libri
496 2941 549 2973 IV,
568 2940 613 2965 ed.
626 2939 735 2964 MARx.
1283 2935 1302 2965 5
