2003 3116
16 2567 59 2592 De
75 2565 229 2592 Ciceronis
246 2567 280 2592 li-

52 2602 115 2628 bris
136 2603 172 2628 (le
192 2604 253 2628 inu.

312 199 366 240 76
874 200 1239 234 PROLEGOMENA.

310 308 526 349 nonnullis
564 307 702 348 nostri
735 307 892 348 saeculi
929 306 1177 348 hominibus
1216 308 1458 361 prouectior
1493 308 1660 350 uidetur
1689 309 1823 352 fuisse

308 393 434 432 quam
475 391 623 418 reuera
665 379 757 417 erat
796 377 890 418 ideo
935 377 1047 431 quod
1087 378 1213 419 nobis
1251 378 1328 419 illa
1367 378 1587 420 rhetorum
1630 379 1825 423 doctrina

309 448 446 502 qualis
479 450 545 489 est
577 447 626 489 de
660 447 1037 490 constitutionibus
1077 451 1118 490 et
1155 449 1326 490 subtilis
1358 449 1531 492 uidetur
1563 452 1605 491 et
1637 450 1824 493 difficilis

308 521 349 559 et
394 518 600 572 impedita
640 533 749 573 quae
794 518 896 561 olim
943 535 967 561 a
1012 520 1152 574 pueris
1197 522 1271 562 aut
1316 521 1442 562 nullis
1487 523 1561 562 aut
1603 523 1826 576 perpaucis

307 588 401 629 aliis
429 588 670 642 disciplinis
697 590 959 644 perturbatis
986 591 1189 633 facillime
1217 591 1497 633 ediscebatur.
1547 591 1661 634 Nam
1689 595 1826 636 totam

307 659 424 699 illam
451 659 688 701 doctrinam
716 659 862 702 Cicero
894 662 939 703 in
970 662 1091 703 libris
1125 663 1174 704 de
1203 678 1260 704 or.
1287 665 1330 703 et
1362 664 1600 705 contemnit
1632 666 1675 705 et
1706 679 1825 719 prae-

307 730 407 771 terit
444 731 491 770 ut
525 732 727 783 puerilem
765 732 784 773 Ι
823 733 866 787 6,
894 734 962 775 23.
1004 733 1073 787 57,
1101 734 1198 776 244.
1236 733 1300 775 III
1331 735 1396 787 10,
1416 735 1471 776 38
1511 735 1612 777 ludo
1652 735 1825 790 ludique

306 801 514 854 magistro
542 802 717 857 dignam
742 802 785 844 ΙΙ
805 805 873 858 24,
897 805 979 845 100
1006 804 1311 859 rhetorumque
1338 805 1416 846 illa
1441 808 1672 860 praecepta
1698 809 1826 848 uocat

297 872 545 926 permelyata
580 872 625 915 ΙΙ
658 875 731 927 18,
753 875 819 916 75.
858 875 1048 930 38,161.
1094 875 1160 916 III
1192 877 1260 929 37,
1282 876 1378 918 148.
1416 876 1609 929 49‚188.
1643 877 1718 931 55,
1739 879 1823 919 209

304 943 552 986 hominibus
591 947 731 986 aetate
769 948 811 987 et
850 946 1002 988 studiis
1040 947 1379 1000 prouectioribus
1419 948 1603 989 maxime
1635 948 1823 1004 indigna.

304 1014 455 1069 Itaque
506 1016 715 1058 eiusmodi
769 1019 882 1059 artes
933 1018 1250 1060 institutionem
1300 1018 1506 1073 puerilem
1554 1019 1824 1061 continentes

304 1087 533 1140 scriptores
573 1087 856 1142 elegantiores
895 1089 983 1130 fere
1021 1104 1107 1131 non
1146 1090 1462 1145 componebant
1504 1090 1587 1132 nisi
1621 1091 1692 1145 qui
1727 1091 1823 1132 rhe-

304 1160 416 1198 tores
461 1161 584 1199 erant
628 1161 670 1200 et
713 1160 1025 1214 profitebantur
1074 1163 1149 1202 aut
1193 1161 1517 1216 disciplinarum
1567 1161 1699 1203 libros
1750 1165 1824 1203 aut

304 1229 494 1270 omnium
532 1232 606 1271 aut
645 1231 925 1284 plurimarum
958 1233 1306 1286 conscripserunt
1345 1232 1470 1274 sicuti
1505 1232 1642 1274 Varro
1675 1232 1822 1275 Celsus

303 1297 480 1354 Capella
518 1301 603 1343 alii.
665 1302 843 1343 Plurimi
883 1305 1024 1344 autem
1065 1304 1163 1344 libri
1205 1304 1414 1345 eiusmodi
1458 1305 1825 1358 componebantur

303 1385 419 1412 more
459 1372 669 1413 maiorum
702 1389 726 1414 a
758 1374 953 1428 patribus
987 1374 1039 1416 ad
1071 1374 1184 1416 filios
1228 1374 1513 1416 instituendos
1547 1375 1672 1420 sicuti
1705 1374 1822 1417 Cice-

302 1443 418 1484 ronis
469 1444 722 1498 partitiones
774 1446 985 1487 oratoriae
1035 1446 1104 1487 uel
1157 1446 1209 1487 ab
1261 1446 1588 1488 adulescentulis
1646 1449 1720 1488 aut
1779 1447 1823 1488 in

300 1513 491 1568 ipsorum
535 1530 657 1557 usum
703 1516 829 1558 sicuti
873 1515 1090 1559 Ciceronis
1134 1517 1233 1558 libri
1278 1517 1328 1558 de
1373 1517 1457 1558 inu.
1500 1520 1574 1559 aut
1620 1517 1664 1558 in
1698 1533 1822 1560 usum

303 1585 428 1627 amici
466 1588 507 1627 et
544 1588 719 1642 cognati
756 1589 824 1629 cui
860 1588 1122 1630 donarentur
1153 1588 1280 1630 sicuti
1314 1588 1414 1630 libri
1447 1589 1499 1629 ad
1532 1588 1631 1631 Her.
1684 1586 1821 1643 Sulpi-

301 1656 390 1698 cius
417 1656 569 1699 Victor
606 1658 658 1699 ad
691 1657 947 1701 M.Silonem
980 1674 1183 1715 generum
1220 1660 1352 1701 talem
1386 1660 1543 1701 librum
1577 1661 1696 1701 misit
1727 1675 1822 1702 cum

300 1727 380 1769 hac
425 1728 608 1782 epistula
653 1745 718 1785 ap.
764 1729 984 1772 Halmium
1025 1730 1143 1772 RLM
1179 1746 1218 1785 p.
1247 1732 1352 1773 313:
1398 1730 1634 1786 eSulpicius
1670 1731 1821 1773 Victor

299 1797 357 1841 M.
372 1797 510 1841 Sileni
542 1814 707 1855 genero.
760 1801 881 1851 Quod
918 1801 1162 1857 frequenter
1202 1818 1226 1843 a
1265 1817 1330 1843 me
1370 1803 1622 1856 postulabas
1668 1802 1821 1845 uideor

300 1870 531 1925 expedisse.
582 1871 756 1915 Contuli
787 1873 832 1915 in
865 1873 1057 1915 ordinem
1091 1888 1140 1915 ea
1173 1888 1281 1928 quae
1313 1873 1400 1914 fere
1432 1874 1481 1914 de
1510 1874 1703 1915 oratoria
1730 1876 1820 1915 arte

299 1941 528 1983 traduntur
560 1944 792 1985 secundum
825 1945 1069 1986 institutum
1103 1944 1408 2000 magistrorum
1441 1959 1654 2000 meorum,
1688 1945 1821 1986 Zeno-

299 2013 365 2054 nis
403 2017 631 2069 praecepta
669 2016 853 2057 maxime
891 2018 1158 2071 persecutus,
1196 2016 1257 2057 ita
1298 2018 1443 2057 tamen
1477 2018 1525 2056 ut
1557 2031 1606 2057 ex
1641 2016 1819 2058 arbitrio

299 2098 394 2126 meo
426 2085 570 2140 aliqua
602 2087 891 2141 praeterirem,
922 2087 1125 2142 pleraque
1158 2087 1305 2129 ordine
1337 2087 1569 2128 immutato
1602 2087 1821 2141 referrem,

299 2157 502 2198 nonnulla
523 2171 573 2198 ex
594 2158 690 2199 aliis
717 2173 823 2212 quae
850 2159 1091 2201 necessaria
1116 2158 1376 2200 uidebantur
1402 2158 1647 2200 insererem.
1687 2158 1819 2200 Recte

300 2241 354 2267 an
393 2242 617 2282 perperam
655 2229 845 2285 fecerim,
884 2232 931 2271 tu
969 2230 1197 2271 iudicabis:
1236 2245 1314 2271 nec
1354 2230 1463 2270 enim
1504 2230 1604 2271 uolo
1636 2229 1741 2271 haec
1774 2230 1819 2271 in

298 2298 531 2340 multorum
575 2315 725 2342 manus
769 2301 1020 2356 peruenire.²
1071 2300 1150 2342 Cui
1195 2301 1403 2355 epistolae
1452 2300 1674 2342 simillima
1718 2315 1818 2342 sane

298 2370 518 2422 prooemia
551 2374 593 2412 et
624 2372 783 2427 epilogi
816 2375 916 2414 sunt
947 2372 1156 2413 librorum
1189 2372 1242 2412 ad
1275 2371 1393 2413 Her.:
1434 2374 1663 2426 utrumque
1696 2372 1819 2413 nimi-

300 2454 394 2480 rum
432 2455 539 2495 opus
578 2443 765 2495 pertinet
803 2442 855 2484 ad
893 2443 998 2484 illud
1035 2456 1170 2497 genus
1210 2441 1602 2500 litterarumquod
1632 2441 1820 2497 isagogi-

300 2525 396 2552 cum
428 2512 620 2566 appellat
650 2512 950 2555 LMercklinus
983 2512 1200 2568 Philologi
1232 2512 1296 2554 IV
1328 2529 1367 2568 p.
1394 2513 1479 2555 413
1493 2527 1605 2568 seqq.

419 2583 561 2638 Atque
601 2584 743 2626 Cicero
790 2584 1000 2626 eiusmodi
1039 2584 1199 2638 scripta
1241 2587 1290 2625 ut
1328 2587 1519 2638 agrestes
1558 2585 1683 2638 plane
1725 2599 1820 2626 con-

300 2654 455 2695 temnit
485 2654 530 2695 in
562 2655 684 2697 libris
718 2656 768 2697 de
801 2671 860 2698 or.
893 2656 1027 2697 fratre
1060 2656 1354 2697 consentiente
1386 2654 1428 2695 II
1462 2655 1577 2710 3,1O
1610 2658 1653 2696 et
1684 2655 1816 2696 libros

300 2725 349 2765 de
387 2725 473 2767 inu.
506 2726 587 2767 sibi
626 2742 756 2781 puero
796 2730 871 2769 aut
909 2726 1226 2768 adulescentulo
1265 2740 1313 2767 ex
1349 2726 1692 2768 commentariolis
1729 2726 1817 2767 suis

299 2795 488 2837 inchoata
524 2811 572 2839 αο
607 2798 732 2839 rudia
770 2798 974 2840 excidisse
1015 2797 1292 2852 conqueritur
1323 2797 1343 2838 I
1376 2798 1419 2848 2,
1441 2797 1468 2839 5
1500 2796 1555 2838 M.
1571 2811 1649 2850 que
1682 2796 1816 2838 Anto-

301 2867 418 2906 nium
458 2867 656 2909 similiter
693 2869 856 2911 inducit
895 2871 1143 2924 querentem
1183 2868 1232 2909 de
1272 2868 1417 2909 libello
1456 2867 1532 2909 illo
1567 2867 1616 2907 de
1651 2867 1816 2908 ratione

303 2936 468 2979 dicendi
508 2937 528 2978 1
560 2939 636 2993 21,
661 2939 718 2980 94
757 2940 853 2994 ‘qui
894 2954 937 2980 se
976 2939 1246 2993 imprudente
1285 2941 1326 2979 et
1365 2938 1500 2980 inuito
1541 2937 1744 2979 exciderit
1775 2940 1817 2979 et
