<?xml version="1.0" encoding="UTF-8"?>
<!DOCTYPE html PUBLIC "-//W3C//DTD XHTML 1.0 Transitional//EN"
    "http://www.w3.org/TR/xhtml1/DTD/xhtml1-transitional.dtd">
<html xmlns="http://www.w3.org/1999/xhtml" xml:lang="en" lang="en">
 <head>
  <title>
</title>
<meta http-equiv="Content-Type" content="text/html;charset=utf-8" />
  <meta name='ocr-system' content='tesseract 3.04.00' />
  <meta name='ocr-capabilities' content='ocr_page ocr_carea ocr_par ocr_line ocrx_word'/>
</head>
<body>
  <div class='ocr_page' id='page_1' title='image "./incertiauctorisd00marxuoft_0048.png"; bbox 0 0 2003 3116; ppageno 0'>
   <div class='ocr_carea' id='block_1_1' title="bbox 84 2874 346 2940">
    <p class='ocr_par' dir='ltr' id='par_1_1' title="bbox 84 2874 346 2940">
     <span class='ocr_line' id='line_1_1' title="bbox 84 2874 346 2898; baseline 0.004 -2"><span class='ocrx_word' id='word_1_1' title='bbox 84 2874 185 2898; x_wconf 69' lang='lat' dir='ltr'>Codex</span> <span class='ocrx_word' id='word_1_2' title='bbox 205 2874 346 2898; x_wconf 77' lang='lat' dir='ltr'>Bamber-</span> 
     </span>
     <span class='ocr_line' id='line_1_2' title="bbox 146 2910 294 2940; baseline 0.014 -8"><span class='ocrx_word' id='word_1_3' title='bbox 146 2911 247 2940; x_wconf 73' lang='lat' dir='ltr'>gensis</span> <span class='ocrx_word' id='word_1_4' title='bbox 268 2910 294 2934; x_wconf 87' lang='lat' dir='ltr'>b.</span> 
     </span>
    </p>
   </div>
   <div class='ocr_carea' id='block_1_2' title="bbox 366 146 1313 189">
    <p class='ocr_par' dir='ltr' id='par_1_2' title="bbox 366 146 1313 189">
     <span class='ocr_line' id='line_1_3' title="bbox 366 146 1313 189; baseline 0.007 -17"><span class='ocrx_word' id='word_1_5' title='bbox 366 149 422 189; x_wconf 65' lang='lat'>334</span> <span class='ocrx_word' id='word_1_6' title='bbox 947 146 1313 179; x_wconf 83' lang='lat' dir='ltr'><strong>PROLEGOMENA.</strong></span> 
     </span>
    </p>
   </div>
   <div class='ocr_carea' id='block_1_3' title="bbox 360 250 1886 2854">
    <p class='ocr_par' dir='ltr' id='par_1_3' title="bbox 360 250 1886 2854">
     <span class='ocr_line' id='line_1_4' title="bbox 365 250 1880 306; baseline -0.003 -8"><span class='ocrx_word' id='word_1_7' title='bbox 365 257 462 298; x_wconf 88' lang='lat' dir='ltr'>edit.</span> <span class='ocrx_word' id='word_1_8' title='bbox 497 256 590 296; x_wconf 88' lang='lat' dir='ltr'><strong>libr.</strong></span> <span class='ocrx_word' id='word_1_9' title='bbox 624 255 673 294; x_wconf 88' lang='lat' dir='ltr'>de</span> <span class='ocrx_word' id='word_1_10' title='bbox 712 255 817 294; x_wconf 88' lang='lat' dir='ltr'>orat.</span> <span class='ocrx_word' id='word_1_11' title='bbox 855 267 893 305; x_wconf 87' lang='lat' dir='ltr'>p.</span> <span class='ocrx_word' id='word_1_12' title='bbox 920 250 999 306; x_wconf 79' lang='lat' dir='ltr'>IX,</span> <span class='ocrx_word' id='word_1_13' title='bbox 1038 266 1120 306; x_wconf 89' lang='lat' dir='ltr'>quo</span> <span class='ocrx_word' id='word_1_14' title='bbox 1160 253 1336 292; x_wconf 84' lang='lat' dir='ltr'>lacunae</span> <span class='ocrx_word' id='word_1_15' title='bbox 1376 252 1582 293; x_wconf 89' lang='lat' dir='ltr'>librorum</span> <span class='ocrx_word' id='word_1_16' title='bbox 1621 253 1671 294; x_wconf 91' lang='lat' dir='ltr'>de</span> <span class='ocrx_word' id='word_1_17' title='bbox 1709 253 1796 295; x_wconf 89' lang='lat' dir='ltr'>inu.</span> <span class='ocrx_word' id='word_1_18' title='bbox 1829 268 1880 294; x_wconf 84' lang='lat' dir='ltr'>ex</span> 
     </span>
     <span class='ocr_line' id='line_1_5' title="bbox 365 321 1881 376; baseline -0.002 -8"><span class='ocrx_word' id='word_1_19' title='bbox 365 327 509 368; x_wconf 87' lang='lat' dir='ltr'>eodem</span> <span class='ocrx_word' id='word_1_20' title='bbox 553 324 641 365; x_wconf 90' lang='lat' dir='ltr'>cod.</span> <span class='ocrx_word' id='word_1_21' title='bbox 687 323 877 376; x_wconf 80' lang='lat' dir='ltr'>expletae</span> <span class='ocrx_word' id='word_1_22' title='bbox 923 324 1023 362; x_wconf 91' lang='lat' dir='ltr'>sunt</span> <span class='ocrx_word' id='word_1_23' title='bbox 1067 322 1219 375; x_wconf 81' lang='lat' dir='ltr'>opinor</span> <span class='ocrx_word' id='word_1_24' title='bbox 1264 322 1374 363; x_wconf 91' lang='lat' dir='ltr'>unde</span> <span class='ocrx_word' id='word_1_25' title='bbox 1417 321 1629 364; x_wconf 89' lang='lat' dir='ltr'>rhetorica</span> <span class='ocrx_word' id='word_1_26' title='bbox 1668 324 1719 364; x_wconf 89' lang='lat' dir='ltr'>ad</span> <span class='ocrx_word' id='word_1_27' title='bbox 1762 323 1881 365; x_wconf 86' lang='lat' dir='ltr'>He1·.:</span> 
     </span>
     <span class='ocr_line' id='line_1_6' title="bbox 364 392 1880 448; baseline -0.002 -10"><span class='ocrx_word' id='word_1_28' title='bbox 364 396 470 438; x_wconf 85' lang='lat' dir='ltr'>conf.</span> <span class='ocrx_word' id='word_1_29' title='bbox 498 394 792 435; x_wconf 87' lang='lat' dir='ltr'>AWeidnerus</span> <span class='ocrx_word' id='word_1_30' title='bbox 826 393 924 434; x_wconf 88' lang='lat' dir='ltr'>edit.</span> <span class='ocrx_word' id='word_1_31' title='bbox 964 393 1056 433; x_wconf 87' lang='lat' dir='ltr'>libr.</span> <span class='ocrx_word' id='word_1_32' title='bbox 1093 393 1142 433; x_wconf 90' lang='lat' dir='ltr'>de</span> <span class='ocrx_word' id='word_1_33' title='bbox 1177 393 1259 434; x_wconf 88' lang='lat' dir='ltr'>inu.</span> <span class='ocrx_word' id='word_1_34' title='bbox 1287 408 1326 448; x_wconf 88' lang='lat' dir='ltr'>p.</span> <span class='ocrx_word' id='word_1_35' title='bbox 1346 392 1487 434; x_wconf 88' lang='lat' dir='ltr'>XXV:</span> <span class='ocrx_word' id='word_1_36' title='bbox 1520 407 1603 447; x_wconf 89' lang='lat' dir='ltr'>quo</span> <span class='ocrx_word' id='word_1_37' title='bbox 1636 395 1880 436; x_wconf 77' lang='lat' dir='ltr'>etiamnunc</span> 
     </span>
     <span class='ocr_line' id='line_1_7' title="bbox 364 463 1880 518; baseline -0.001 -11"><span class='ocrx_word' id='word_1_38' title='bbox 364 466 567 507; x_wconf 88' lang='lat' dir='ltr'>lectiones</span> <span class='ocrx_word' id='word_1_39' title='bbox 602 467 643 505; x_wconf 91' lang='lat' dir='ltr'>et</span> <span class='ocrx_word' id='word_1_40' title='bbox 676 464 972 518; x_wconf 86' lang='lat' dir='ltr'>supplementa</span> <span class='ocrx_word' id='word_1_41' title='bbox 1005 478 1054 504; x_wconf 86' lang='lat' dir='ltr'>ex</span> <span class='ocrx_word' id='word_1_42' title='bbox 1089 463 1205 505; x_wconf 92' lang='lat' dir='ltr'>codd.</span> <span class='ocrx_word' id='word_1_43' title='bbox 1238 464 1417 518; x_wconf 87' lang='lat' dir='ltr'>expletis</span> <span class='ocrx_word' id='word_1_44' title='bbox 1451 464 1661 506; x_wconf 84' lang='lat' dir='ltr'>translata</span> <span class='ocrx_word' id='word_1_45' title='bbox 1692 465 1736 506; x_wconf 91' lang='lat' dir='ltr'>in</span> <span class='ocrx_word' id='word_1_46' title='bbox 1763 465 1880 506; x_wconf 91' lang='lat' dir='ltr'>codd.</span> 
     </span>
     <span class='ocr_line' id='line_1_8' title="bbox 362 534 1881 590; baseline -0.001 -13"><span class='ocrx_word' id='word_1_47' title='bbox 362 536 580 578; x_wconf 85' lang='lat' dir='ltr'>nonnullis</span> <span class='ocrx_word' id='word_1_48' title='bbox 616 535 779 576; x_wconf 89' lang='lat' dir='ltr'>mutilis</span> <span class='ocrx_word' id='word_1_49' title='bbox 811 534 945 576; x_wconf 89' lang='lat' dir='ltr'>ueluti</span> <span class='ocrx_word' id='word_1_50' title='bbox 983 534 1060 575; x_wconf 88' lang='lat' dir='ltr'>PB</span> <span class='ocrx_word' id='word_1_51' title='bbox 1102 534 1197 575; x_wconf 90' lang='lat' dir='ltr'>aliis</span> <span class='ocrx_word' id='word_1_52' title='bbox 1236 550 1363 576; x_wconf 88' lang='lat' dir='ltr'>manu</span> <span class='ocrx_word' id='word_1_53' title='bbox 1400 535 1633 576; x_wconf 73' lang='lat' dir='ltr'>recentiore</span> <span class='ocrx_word' id='word_1_54' title='bbox 1667 535 1881 590; x_wconf 84' lang='lat' dir='ltr'>adscripta</span> 
     </span>
     <span class='ocr_line' id='line_1_9' title="bbox 362 604 1882 663; baseline -0.001 -15"><span class='ocrx_word' id='word_1_55' title='bbox 362 609 575 663; x_wconf 84' lang='lat' dir='ltr'>leguntur.</span> <span class='ocrx_word' id='word_1_56' title='bbox 624 605 771 647; x_wconf 88' lang='lat' dir='ltr'>Veluti</span> <span class='ocrx_word' id='word_1_57' title='bbox 811 607 854 646; x_wconf 87' lang='lat' dir='ltr'>in</span> <span class='ocrx_word' id='word_1_58' title='bbox 897 605 985 647; x_wconf 87' lang='lat' dir='ltr'>cod.</span> <span class='ocrx_word' id='word_1_59' title='bbox 1018 604 1229 646; x_wconf 89' lang='lat' dir='ltr'>Bernensi</span> <span class='ocrx_word' id='word_1_60' title='bbox 1267 606 1351 647; x_wconf 82' lang='lat'>469</span> <span class='ocrx_word' id='word_1_61' title='bbox 1386 606 1434 646; x_wconf 89' lang='lat' dir='ltr'>de</span> <span class='ocrx_word' id='word_1_62' title='bbox 1469 620 1551 660; x_wconf 89' lang='lat' dir='ltr'>quo</span> <span class='ocrx_word' id='word_1_63' title='bbox 1586 606 1698 647; x_wconf 84' lang='lat' dir='ltr'>infra</span> <span class='ocrx_word' id='word_1_64' title='bbox 1731 609 1882 661; x_wconf 84' lang='lat' dir='ltr'>agetur</span> 
     </span>
     <span class='ocr_line' id='line_1_10' title="bbox 362 676 1883 732; baseline 0 -13"><span class='ocrx_word' id='word_1_65' title='bbox 362 694 400 732; x_wconf 89' lang='lat' dir='ltr'>p.</span> <span class='ocrx_word' id='word_1_66' title='bbox 428 678 483 720; x_wconf 80' lang='lat'>36</span> <span class='ocrx_word' id='word_1_67' title='bbox 523 678 723 719; x_wconf 87' lang='lat' dir='ltr'>librarius</span> <span class='ocrx_word' id='word_1_68' title='bbox 764 691 869 732; x_wconf 89' lang='lat' dir='ltr'>quae</span> <span class='ocrx_word' id='word_1_69' title='bbox 910 677 954 717; x_wconf 91' lang='lat' dir='ltr'>in</span> <span class='ocrx_word' id='word_1_70' title='bbox 995 676 1229 730; x_wconf 87' lang='lat' dir='ltr'>archetypo</span> <span class='ocrx_word' id='word_1_71' title='bbox 1269 677 1421 718; x_wconf 85' lang='lat' dir='ltr'>mutilo</span> <span class='ocrx_word' id='word_1_72' title='bbox 1467 677 1632 718; x_wconf 89' lang='lat' dir='ltr'>inuenit</span> <span class='ocrx_word' id='word_1_73' title='bbox 1670 681 1883 732; x_wconf 83' lang='lat' dir='ltr'>corrupta,</span> 
     </span>
     <span class='ocr_line' id='line_1_11' title="bbox 362 748 1883 804; baseline -0.001 -13"><span class='ocrx_word' id='word_1_74' title='bbox 362 750 421 791; x_wconf 92' lang='lat' dir='ltr'>eis</span> <span class='ocrx_word' id='word_1_75' title='bbox 455 749 643 804; x_wconf 89' lang='lat' dir='ltr'>spatium</span> <span class='ocrx_word' id='word_1_76' title='bbox 675 749 720 789; x_wconf 92' lang='lat' dir='ltr'>in</span> <span class='ocrx_word' id='word_1_77' title='bbox 754 764 829 789; x_wconf 91' lang='lat' dir='ltr'>sua</span> <span class='ocrx_word' id='word_1_78' title='bbox 857 748 1104 788; x_wconf 88' lang='lat' dir='ltr'>membrana</span> <span class='ocrx_word' id='word_1_79' title='bbox 1135 748 1311 802; x_wconf 91' lang='lat' dir='ltr'>reliquit</span> <span class='ocrx_word' id='word_1_80' title='bbox 1350 762 1548 803; x_wconf 81' lang='lat' dir='ltr'>uacuum,</span> <span class='ocrx_word' id='word_1_81' title='bbox 1587 749 1699 802; x_wconf 89' lang='lat' dir='ltr'>quod</span> <span class='ocrx_word' id='word_1_82' title='bbox 1730 752 1883 803; x_wconf 86' lang='lat' dir='ltr'>postea</span> 
     </span>
     <span class='ocr_line' id='line_1_12' title="bbox 363 819 1881 875; baseline 0 -13"><span class='ocrx_word' id='word_1_83' title='bbox 363 835 412 862; x_wconf 89' lang='lat' dir='ltr'>ex</span> <span class='ocrx_word' id='word_1_84' title='bbox 445 821 613 875; x_wconf 88' lang='lat' dir='ltr'>expleto</span> <span class='ocrx_word' id='word_1_85' title='bbox 647 820 830 875; x_wconf 89' lang='lat' dir='ltr'>quodam</span> <span class='ocrx_word' id='word_1_86' title='bbox 859 819 948 861; x_wconf 89' lang='lat' dir='ltr'>cod.</span> <span class='ocrx_word' id='word_1_87' title='bbox 976 819 1130 860; x_wconf 88' lang='lat' dir='ltr'>litteris</span> <span class='ocrx_word' id='word_1_88' title='bbox 1156 819 1323 873; x_wconf 86' lang='lat' dir='ltr'>pusillis</span> <span class='ocrx_word' id='word_1_89' title='bbox 1352 819 1569 873; x_wconf 88' lang='lat' dir='ltr'>suppleuit</span> <span class='ocrx_word' id='word_1_90' title='bbox 1594 822 1641 860; x_wconf 89' lang='lat' dir='ltr'>ut</span> <span class='ocrx_word' id='word_1_91' title='bbox 1659 819 1721 861; x_wconf 89' lang='lat' dir='ltr'>IV</span> <span class='ocrx_word' id='word_1_92' title='bbox 1737 820 1806 874; x_wconf 79' lang='lat'>55,</span> <span class='ocrx_word' id='word_1_93' title='bbox 1827 821 1881 862; x_wconf 79' lang='lat'>68</span> 
     </span>
     <span class='ocr_line' id='line_1_13' title="bbox 363 890 1884 943; baseline 0 -11"><span class='ocrx_word' id='word_1_94' title='bbox 363 892 434 933; x_wconf 88' lang='lat' dir='ltr'>ubi</span> <span class='ocrx_word' id='word_1_95' title='bbox 474 892 516 932; x_wconf 93' lang='lat' dir='ltr'>in</span> <span class='ocrx_word' id='word_1_96' title='bbox 555 899 600 933; x_wconf 85' lang='lat' dir='ltr'>M</span> <span class='ocrx_word' id='word_1_97' title='bbox 638 894 704 932; x_wconf 90' lang='lat' dir='ltr'>est</span> <span class='ocrx_word' id='word_1_98' title='bbox 742 894 881 932; x_wconf 72' lang='lat' dir='ltr'>euocat</span> <span class='ocrx_word' id='word_1_99' title='bbox 918 890 1021 931; x_wconf 84' lang='lat' dir='ltr'>haec</span> <span class='ocrx_word' id='word_1_100' title='bbox 1063 890 1151 931; x_wconf 89' lang='lat' dir='ltr'>fere</span> <span class='ocrx_word' id='word_1_101' title='bbox 1198 892 1335 931; x_wconf 88' lang='lat' dir='ltr'>exstet</span> <span class='ocrx_word' id='word_1_102' title='bbox 1380 890 1608 943; x_wconf 88' lang='lat' dir='ltr'>scriptura:</span> <span class='ocrx_word' id='word_1_103' title='bbox 1650 892 1884 933; x_wconf 68' lang='lat' dir='ltr'>redundans</span> 
     </span>
     <span class='ocr_line' id='line_1_14' title="bbox 360 960 1883 1016; baseline 0.002 -17"><span class='ocrx_word' id='word_1_104' title='bbox 360 977 453 1000; x_wconf 72' lang='lat' dir='ltr'>euolat</span> <span class='ocrx_word' id='word_1_105' title='bbox 602 962 776 1016; x_wconf 71' lang='lat' dir='ltr'>etemplo.</span> <span class='ocrx_word' id='word_1_106' title='bbox 838 962 896 1004; x_wconf 86' lang='lat' dir='ltr'>Et</span> <span class='ocrx_word' id='word_1_107' title='bbox 931 961 988 1003; x_wconf 87' lang='lat' dir='ltr'>sic</span> <span class='ocrx_word' id='word_1_108' title='bbox 1031 961 1205 1016; x_wconf 89' lang='lat' dir='ltr'>passim.</span> <span class='ocrx_word' id='word_1_109' title='bbox 1274 960 1402 1003; x_wconf 81' lang='lat' dir='ltr'>Oodd.</span> <span class='ocrx_word' id='word_1_110' title='bbox 1436 961 1678 1002; x_wconf 75' lang='lat' dir='ltr'>istiusmodi</span> <span class='ocrx_word' id='word_1_111' title='bbox 1711 976 1816 1016; x_wconf 89' lang='lat' dir='ltr'>quos</span> <span class='ocrx_word' id='word_1_112' title='bbox 1848 968 1883 1002; x_wconf 84' lang='grc' dir='ltr'><strong>Ε</strong></span> 
     </span>
     <span class='ocr_line' id='line_1_15' title="bbox 361 1032 1883 1088; baseline -0.001 -13"><span class='ocrx_word' id='word_1_113' title='bbox 361 1035 510 1075; x_wconf 87' lang='lat' dir='ltr'>littera</span> <span class='ocrx_word' id='word_1_114' title='bbox 541 1034 702 1075; x_wconf 80' lang='lat' dir='ltr'>notabo</span> <span class='ocrx_word' id='word_1_115' title='bbox 730 1048 836 1088; x_wconf 88' lang='lat' dir='ltr'>quos</span> <span class='ocrx_word' id='word_1_116' title='bbox 865 1034 1056 1087; x_wconf 86' lang='lat' dir='ltr'>expletos</span> <span class='ocrx_word' id='word_1_117' title='bbox 1090 1033 1125 1073; x_wconf 92' lang='lat' dir='ltr'>si</span> <span class='ocrx_word' id='word_1_118' title='bbox 1158 1032 1474 1074; x_wconf 78' lang='lat' dir='ltr'>nominabimus</span> <span class='ocrx_word' id='word_1_119' title='bbox 1505 1033 1661 1074; x_wconf 85' lang='lat' dir='ltr'>rectius</span> <span class='ocrx_word' id='word_1_120' title='bbox 1695 1033 1883 1074; x_wconf 88' lang='lat' dir='ltr'>nomina-</span> 
     </span>
     <span class='ocr_line' id='line_1_16' title="bbox 364 1103 1883 1159; baseline -0.001 -13"><span class='ocrx_word' id='word_1_121' title='bbox 364 1105 503 1146; x_wconf 85' lang='lat' dir='ltr'>bimus</span> <span class='ocrx_word' id='word_1_122' title='bbox 538 1120 665 1159; x_wconf 89' lang='lat' dir='ltr'>quam</span> <span class='ocrx_word' id='word_1_123' title='bbox 704 1105 740 1145; x_wconf 87' lang='lat' dir='ltr'>si</span> <span class='ocrx_word' id='word_1_124' title='bbox 779 1105 968 1159; x_wconf 78' lang='lat' dir='ltr'>integros</span> <span class='ocrx_word' id='word_1_125' title='bbox 1010 1104 1053 1144; x_wconf 91' lang='lat' dir='ltr'>in</span> <span class='ocrx_word' id='word_1_126' title='bbox 1093 1118 1348 1159; x_wconf 88' lang='lat' dir='ltr'>unaquaque</span> <span class='ocrx_word' id='word_1_127' title='bbox 1386 1103 1475 1144; x_wconf 85' lang='lat' dir='ltr'>fere</span> <span class='ocrx_word' id='word_1_128' title='bbox 1513 1103 1788 1158; x_wconf 81' lang='lat' dir='ltr'>bybliotheca</span> <span class='ocrx_word' id='word_1_129' title='bbox 1820 1104 1883 1145; x_wconf 89' lang='lat' dir='ltr'>in-</span> 
     </span>
     <span class='ocr_line' id='line_1_17' title="bbox 362 1175 1883 1230; baseline -0.001 -12"><span class='ocrx_word' id='word_1_130' title='bbox 362 1177 607 1218; x_wconf 90' lang='lat' dir='ltr'>ueniuntur:</span> <span class='ocrx_word' id='word_1_131' title='bbox 643 1190 749 1218; x_wconf 87' lang='lat' dir='ltr'>saec.</span> <span class='ocrx_word' id='word_1_132' title='bbox 776 1175 839 1227; x_wconf 76' lang='lat' dir='ltr'>XI</span> <span class='ocrx_word' id='word_1_133' title='bbox 866 1190 1011 1217; x_wconf 90' lang='lat' dir='ltr'>omnes</span> <span class='ocrx_word' id='word_1_134' title='bbox 1040 1178 1139 1216; x_wconf 91' lang='lat' dir='ltr'>sunt</span> <span class='ocrx_word' id='word_1_135' title='bbox 1165 1175 1423 1216; x_wconf 79' lang='lat' dir='ltr'>recentiores</span> <span class='ocrx_word' id='word_1_136' title='bbox 1450 1190 1588 1230; x_wconf 87' lang='lat' dir='ltr'>neque</span> <span class='ocrx_word' id='word_1_137' title='bbox 1618 1178 1762 1216; x_wconf 87' lang='lat' dir='ltr'>tamen</span> <span class='ocrx_word' id='word_1_138' title='bbox 1790 1175 1883 1230; x_wconf 87' lang='lat' dir='ltr'>quis</span> 
     </span>
     <span class='ocr_line' id='line_1_18' title="bbox 364 1246 1883 1301; baseline -0.001 -13"><span class='ocrx_word' id='word_1_139' title='bbox 364 1247 553 1289; x_wconf 90' lang='lat' dir='ltr'>omnium</span> <span class='ocrx_word' id='word_1_140' title='bbox 588 1246 912 1301; x_wconf 87' lang='lat' dir='ltr'>antiquissimus</span> <span class='ocrx_word' id='word_1_141' title='bbox 946 1261 995 1287; x_wconf 87' lang='lat' dir='ltr'>ex</span> <span class='ocrx_word' id='word_1_142' title='bbox 1029 1247 1263 1301; x_wconf 82' lang='lat' dir='ltr'>scripturae</span> <span class='ocrx_word' id='word_1_143' title='bbox 1303 1260 1456 1300; x_wconf 81' lang='lat' dir='ltr'>genere</span> <span class='ocrx_word' id='word_1_144' title='bbox 1489 1249 1564 1287; x_wconf 90' lang='lat' dir='ltr'>aut</span> <span class='ocrx_word' id='word_1_145' title='bbox 1599 1261 1647 1287; x_wconf 84' lang='lat' dir='ltr'>ex</span> <span class='ocrx_word' id='word_1_146' title='bbox 1688 1246 1883 1288; x_wconf 88' lang='lat' dir='ltr'>lectionis</span> 
     </span>
     <span class='ocr_line' id='line_1_19' title="bbox 364 1316 1883 1374; baseline -0.001 -15"><span class='ocrx_word' id='word_1_147' title='bbox 364 1318 613 1374; x_wconf 80' lang='lat' dir='ltr'>integritate</span> <span class='ocrx_word' id='word_1_148' title='bbox 638 1320 782 1372; x_wconf 89' lang='lat' dir='ltr'>potest</span> <span class='ocrx_word' id='word_1_149' title='bbox 807 1317 988 1359; x_wconf 86' lang='lat' dir='ltr'>decerni.</span> <span class='ocrx_word' id='word_1_150' title='bbox 1040 1316 1150 1358; x_wconf 87' lang='lat' dir='ltr'>Nam</span> <span class='ocrx_word' id='word_1_151' title='bbox 1178 1317 1260 1358; x_wconf 85' lang='lat' dir='ltr'>iam</span> <span class='ocrx_word' id='word_1_152' title='bbox 1290 1331 1419 1370; x_wconf 84' lang='lat' dir='ltr'>supra</span> <span class='ocrx_word' id='word_1_153' title='bbox 1449 1317 1493 1357; x_wconf 93' lang='lat' dir='ltr'>in</span> <span class='ocrx_word' id='word_1_154' title='bbox 1521 1317 1611 1358; x_wconf 92' lang='lat' dir='ltr'>cod.</span> <span class='ocrx_word' id='word_1_155' title='bbox 1640 1316 1672 1358; x_wconf 83' lang='lat' dir='ltr'>C</span> <span class='ocrx_word' id='word_1_156' title='bbox 1699 1317 1883 1372; x_wconf 89' lang='lat' dir='ltr'>descrip-</span> 
     </span>
     <span class='ocr_line' id='line_1_20' title="bbox 363 1387 1883 1444; baseline -0.001 -13"><span class='ocrx_word' id='word_1_157' title='bbox 363 1390 479 1431; x_wconf 88' lang='lat' dir='ltr'>tione</span> <span class='ocrx_word' id='word_1_158' title='bbox 504 1405 544 1444; x_wconf 89' lang='lat' dir='ltr'>p.</span> <span class='ocrx_word' id='word_1_159' title='bbox 567 1390 620 1431; x_wconf 78' lang='lat'>18</span> <span class='ocrx_word' id='word_1_160' title='bbox 647 1389 832 1430; x_wconf 88' lang='lat' dir='ltr'>uidimus</span> <span class='ocrx_word' id='word_1_161' title='bbox 865 1403 917 1429; x_wconf 92' lang='lat' dir='ltr'>ne</span> <span class='ocrx_word' id='word_1_162' title='bbox 945 1387 1199 1443; x_wconf 83' lang='lat' dir='ltr'>Karolingio</span> <span class='ocrx_word' id='word_1_163' title='bbox 1234 1388 1402 1443; x_wconf 88' lang='lat' dir='ltr'>quidem</span> <span class='ocrx_word' id='word_1_164' title='bbox 1436 1403 1541 1429; x_wconf 89' lang='lat' dir='ltr'>aeuo</span> <span class='ocrx_word' id='word_1_165' title='bbox 1569 1388 1766 1430; x_wconf 86' lang='lat' dir='ltr'>librarios</span> <span class='ocrx_word' id='word_1_166' title='bbox 1800 1403 1883 1430; x_wconf 91' lang='lat' dir='ltr'>uno</span> 
     </span>
     <span class='ocr_line' id='line_1_21' title="bbox 364 1459 1885 1515; baseline -0.001 -13"><span class='ocrx_word' id='word_1_167' title='bbox 364 1461 594 1515; x_wconf 83' lang='lat' dir='ltr'>archetypo</span> <span class='ocrx_word' id='word_1_168' title='bbox 628 1460 758 1501; x_wconf 85' lang='lat' dir='ltr'>fuisse</span> <span class='ocrx_word' id='word_1_169' title='bbox 791 1462 1033 1501; x_wconf 85' lang='lat' dir='ltr'>contentos:</span> <span class='ocrx_word' id='word_1_170' title='bbox 1066 1459 1202 1500; x_wconf 89' lang='lat' dir='ltr'>multo</span> <span class='ocrx_word' id='word_1_171' title='bbox 1237 1459 1374 1513; x_wconf 80' lang='lat' dir='ltr'>magis</span> <span class='ocrx_word' id='word_1_172' title='bbox 1408 1473 1513 1500; x_wconf 91' lang='lat' dir='ltr'>aeuo</span> <span class='ocrx_word' id='word_1_173' title='bbox 1540 1459 1777 1513; x_wconf 89' lang='lat' dir='ltr'>posteriore</span> <span class='ocrx_word' id='word_1_174' title='bbox 1804 1460 1885 1501; x_wconf 92' lang='lat' dir='ltr'>col-</span> 
     </span>
     <span class='ocr_line' id='line_1_22' title="bbox 364 1530 1883 1586; baseline -0.001 -14"><span class='ocrx_word' id='word_1_175' title='bbox 364 1533 463 1573; x_wconf 90' lang='lat' dir='ltr'>latis</span> <span class='ocrx_word' id='word_1_176' title='bbox 510 1531 801 1586; x_wconf 87' lang='lat' dir='ltr'>compluribus</span> <span class='ocrx_word' id='word_1_177' title='bbox 848 1531 1163 1584; x_wconf 77' lang='lat' dir='ltr'>exemplaribus</span> <span class='ocrx_word' id='word_1_178' title='bbox 1209 1530 1372 1571; x_wconf 87' lang='lat' dir='ltr'>mutilis</span> <span class='ocrx_word' id='word_1_179' title='bbox 1419 1530 1598 1584; x_wconf 86' lang='lat' dir='ltr'>expletis</span> <span class='ocrx_word' id='word_1_180' title='bbox 1644 1531 1883 1572; x_wconf 86' lang='lat' dir='ltr'>recentibus</span> 
     </span>
     <span class='ocr_line' id='line_1_23' title="bbox 364 1601 1883 1645; baseline 0 -2"><span class='ocrx_word' id='word_1_181' title='bbox 364 1603 545 1645; x_wconf 85' lang='lat' dir='ltr'>uetustis</span> <span class='ocrx_word' id='word_1_182' title='bbox 577 1602 780 1644; x_wconf 88' lang='lat' dir='ltr'>lectiones</span> <span class='ocrx_word' id='word_1_183' title='bbox 814 1602 895 1643; x_wconf 87' lang='lat' dir='ltr'>huc</span> <span class='ocrx_word' id='word_1_184' title='bbox 924 1603 1022 1643; x_wconf 86' lang='lat' dir='ltr'>illuc</span> <span class='ocrx_word' id='word_1_185' title='bbox 1053 1601 1423 1642; x_wconf 86' lang='lat' dir='ltr'>transferebantur</span> <span class='ocrx_word' id='word_1_186' title='bbox 1451 1604 1718 1643; x_wconf 88' lang='lat' dir='ltr'>correcturae</span> <span class='ocrx_word' id='word_1_187' title='bbox 1745 1617 1883 1643; x_wconf 89' lang='lat' dir='ltr'>emen-</span> 
     </span>
     <span class='ocr_line' id='line_1_24' title="bbox 364 1672 1883 1727; baseline -0.001 -12"><span class='ocrx_word' id='word_1_188' title='bbox 364 1674 556 1715; x_wconf 88' lang='lat' dir='ltr'>dationes</span> <span class='ocrx_word' id='word_1_189' title='bbox 583 1673 720 1715; x_wconf 89' lang='lat' dir='ltr'>bonae</span> <span class='ocrx_word' id='word_1_190' title='bbox 746 1674 884 1715; x_wconf 88' lang='lat' dir='ltr'>malae</span> <span class='ocrx_word' id='word_1_191' title='bbox 912 1676 1060 1715; x_wconf 86' lang='lat' dir='ltr'>acutae</span> <span class='ocrx_word' id='word_1_192' title='bbox 1088 1673 1281 1727; x_wconf 85' lang='lat' dir='ltr'>stupidae</span> <span class='ocrx_word' id='word_1_193' title='bbox 1315 1673 1644 1714; x_wconf 85' lang='lat' dir='ltr'>adnotabantur.</span> <span class='ocrx_word' id='word_1_194' title='bbox 1694 1672 1883 1722; x_wconf 78' lang='lat' dir='ltr'>Quorum</span> 
     </span>
     <span class='ocr_line' id='line_1_25' title="bbox 363 1743 1884 1798; baseline 0 -12"><span class='ocrx_word' id='word_1_195' title='bbox 363 1745 481 1787; x_wconf 87' lang='lat' dir='ltr'>codd.</span> <span class='ocrx_word' id='word_1_196' title='bbox 521 1759 615 1786; x_wconf 87' lang='lat' dir='ltr'>cum</span> <span class='ocrx_word' id='word_1_197' title='bbox 655 1746 815 1786; x_wconf 84' lang='lat' dir='ltr'>multae</span> <span class='ocrx_word' id='word_1_198' title='bbox 858 1745 1074 1786; x_wconf 88' lang='lat' dir='ltr'>centuriae</span> <span class='ocrx_word' id='word_1_199' title='bbox 1119 1744 1163 1785; x_wconf 90' lang='lat' dir='ltr'>in</span> <span class='ocrx_word' id='word_1_200' title='bbox 1206 1743 1489 1798; x_wconf 87' lang='lat' dir='ltr'>bybliothecis</span> <span class='ocrx_word' id='word_1_201' title='bbox 1526 1743 1677 1785; x_wconf 86' lang='lat' dir='ltr'>Italiae</span> <span class='ocrx_word' id='word_1_202' title='bbox 1717 1744 1884 1786; x_wconf 86' lang='lat' dir='ltr'>Galliae</span> 
     </span>
     <span class='ocr_line' id='line_1_26' title="bbox 364 1814 1886 1869; baseline -0.001 -11"><span class='ocrx_word' id='word_1_203' title='bbox 364 1817 614 1858; x_wconf 86' lang='lat' dir='ltr'>Britanniae</span> <span class='ocrx_word' id='word_1_204' title='bbox 648 1815 901 1857; x_wconf 84' lang='lat' dir='ltr'>Germaniae</span> <span class='ocrx_word' id='word_1_205' title='bbox 940 1818 1248 1858; x_wconf 83' lang='lat' dir='ltr'>conseruentur</span> <span class='ocrx_word' id='word_1_206' title='bbox 1278 1829 1414 1869; x_wconf 91' lang='lat' dir='ltr'>neque</span> <span class='ocrx_word' id='word_1_207' title='bbox 1448 1814 1572 1856; x_wconf 89' lang='lat' dir='ltr'>unius</span> <span class='ocrx_word' id='word_1_208' title='bbox 1611 1815 1798 1856; x_wconf 88' lang='lat' dir='ltr'>hominis</span> <span class='ocrx_word' id='word_1_209' title='bbox 1831 1816 1886 1856; x_wconf 87' lang='lat' dir='ltr'>sit</span> 
     </span>
     <span class='ocr_line' id='line_1_27' title="bbox 363 1886 1884 1941; baseline -0.003 -11"><span class='ocrx_word' id='word_1_210' title='bbox 363 1889 442 1930; x_wconf 88' lang='lat' dir='ltr'>hos</span> <span class='ocrx_word' id='word_1_211' title='bbox 479 1889 543 1929; x_wconf 88' lang='lat' dir='ltr'>uel</span> <span class='ocrx_word' id='word_1_212' title='bbox 576 1903 824 1930; x_wconf 84' lang='lat' dir='ltr'>enumerare</span> <span class='ocrx_word' id='word_1_213' title='bbox 859 1903 1004 1930; x_wconf 88' lang='lat' dir='ltr'>omnes</span> <span class='ocrx_word' id='word_1_214' title='bbox 1036 1887 1189 1928; x_wconf 88' lang='lat' dir='ltr'>nedum</span> <span class='ocrx_word' id='word_1_215' title='bbox 1225 1886 1424 1941; x_wconf 80' lang='lat' dir='ltr'>cognitos</span> <span class='ocrx_word' id='word_1_216' title='bbox 1456 1886 1612 1927; x_wconf 88' lang='lat' dir='ltr'>habere</span> <span class='ocrx_word' id='word_1_217' title='bbox 1638 1901 1773 1941; x_wconf 87' lang='lat' dir='ltr'>neque</span> <span class='ocrx_word' id='word_1_218' title='bbox 1800 1887 1884 1927; x_wconf 87' lang='lat' dir='ltr'>iam</span> 
     </span>
     <span class='ocr_line' id='line_1_28' title="bbox 363 1958 1883 2014; baseline -0.002 -13"><span class='ocrx_word' id='word_1_219' title='bbox 363 1960 560 2014; x_wconf 79' lang='lat' dir='ltr'>indagari</span> <span class='ocrx_word' id='word_1_220' title='bbox 591 1960 729 2014; x_wconf 90' lang='lat' dir='ltr'>possit</span> <span class='ocrx_word' id='word_1_221' title='bbox 762 1974 868 2014; x_wconf 86' lang='lat' dir='ltr'>quae</span> <span class='ocrx_word' id='word_1_222' title='bbox 900 1959 1012 2000; x_wconf 92' lang='lat' dir='ltr'>inter</span> <span class='ocrx_word' id='word_1_223' title='bbox 1045 1973 1118 2000; x_wconf 92' lang='lat' dir='ltr'>eos</span> <span class='ocrx_word' id='word_1_224' title='bbox 1151 1959 1260 2000; x_wconf 85' lang='lat' dir='ltr'>ratio</span> <span class='ocrx_word' id='word_1_225' title='bbox 1294 1958 1530 1999; x_wconf 88' lang='lat' dir='ltr'>intercedat</span> <span class='ocrx_word' id='word_1_226' title='bbox 1562 1971 1641 2013; x_wconf 81' lang='lat' dir='ltr'>ego</span> <span class='ocrx_word' id='word_1_227' title='bbox 1669 1971 1763 1999; x_wconf 91' lang='lat' dir='ltr'>cum</span> <span class='ocrx_word' id='word_1_228' title='bbox 1792 1973 1883 2012; x_wconf 87' lang='lat' dir='ltr'>per—</span> 
     </span>
     <span class='ocr_line' id='line_1_29' title="bbox 363 2029 1884 2083; baseline -0.002 -11"><span class='ocrx_word' id='word_1_229' title='bbox 363 2032 522 2073; x_wconf 89' lang='lat' dir='ltr'>multos</span> <span class='ocrx_word' id='word_1_230' title='bbox 556 2046 701 2072; x_wconf 89' lang='lat' dir='ltr'>eorum</span> <span class='ocrx_word' id='word_1_231' title='bbox 734 2045 904 2072; x_wconf 85' lang='lat' dir='ltr'>nossem</span> <span class='ocrx_word' id='word_1_232' title='bbox 939 2045 988 2071; x_wconf 88' lang='lat' dir='ltr'>ex</span> <span class='ocrx_word' id='word_1_233' title='bbox 1022 2030 1233 2071; x_wconf 89' lang='lat' dir='ltr'>editorum</span> <span class='ocrx_word' id='word_1_234' title='bbox 1272 2029 1618 2070; x_wconf 84' lang='lat' dir='ltr'>adnotationibus</span> <span class='ocrx_word' id='word_1_235' title='bbox 1652 2029 1759 2070; x_wconf 82' lang='lat' dir='ltr'>alios</span> <span class='ocrx_word' id='word_1_236' title='bbox 1793 2029 1884 2083; x_wconf 87' lang='lat' dir='ltr'>ipse</span> 
     </span>
     <span class='ocr_line' id='line_1_30' title="bbox 363 2098 1885 2145; baseline -0.001 -2"><span class='ocrx_word' id='word_1_237' title='bbox 363 2103 642 2145; x_wconf 87' lang='lat' dir='ltr'>contulissem</span> <span class='ocrx_word' id='word_1_238' title='bbox 682 2102 818 2143; x_wconf 91' lang='lat' dir='ltr'>ueluti</span> <span class='ocrx_word' id='word_1_239' title='bbox 851 2101 967 2143; x_wconf 86' lang='lat' dir='ltr'>codd.</span> <span class='ocrx_word' id='word_1_240' title='bbox 1003 2101 1228 2142; x_wconf 86' lang='lat' dir='ltr'>Leidenses</span> <span class='ocrx_word' id='word_1_241' title='bbox 1267 2099 1406 2142; x_wconf 88' lang='lat' dir='ltr'>Musei</span> <span class='ocrx_word' id='word_1_242' title='bbox 1444 2099 1684 2141; x_wconf 87' lang='lat' dir='ltr'>Britannici</span> <span class='ocrx_word' id='word_1_243' title='bbox 1716 2098 1885 2142; x_wconf 89' lang='lat' dir='ltr'>Italico-</span> 
     </span>
     <span class='ocr_line' id='line_1_31' title="bbox 363 2171 1884 2228; baseline -0.002 -13"><span class='ocrx_word' id='word_1_244' title='bbox 363 2190 454 2216; x_wconf 88' lang='lat' dir='ltr'>rum</span> <span class='ocrx_word' id='word_1_245' title='bbox 483 2174 655 2227; x_wconf 80' lang='lat' dir='ltr'>multos,</span> <span class='ocrx_word' id='word_1_246' title='bbox 688 2174 794 2215; x_wconf 91' lang='lat' dir='ltr'>alios</span> <span class='ocrx_word' id='word_1_247' title='bbox 821 2173 977 2228; x_wconf 89' lang='lat' dir='ltr'>partim</span> <span class='ocrx_word' id='word_1_248' title='bbox 1010 2175 1126 2214; x_wconf 90' lang='lat' dir='ltr'>totos</span> <span class='ocrx_word' id='word_1_249' title='bbox 1160 2172 1317 2226; x_wconf 85' lang='lat' dir='ltr'>partim</span> <span class='ocrx_word' id='word_1_250' title='bbox 1349 2171 1520 2227; x_wconf 84' lang='lat' dir='ltr'>singula</span> <span class='ocrx_word' id='word_1_251' title='bbox 1553 2171 1708 2227; x_wconf 79' lang='lat' dir='ltr'>capita,</span> <span class='ocrx_word' id='word_1_252' title='bbox 1740 2186 1884 2226; x_wconf 90' lang='lat' dir='ltr'>quam-</span> 
     </span>
     <span class='ocr_line' id='line_1_32' title="bbox 364 2242 1885 2300; baseline -0.003 -13"><span class='ocrx_word' id='word_1_253' title='bbox 364 2261 492 2300; x_wconf 89' lang='lat' dir='ltr'>quam</span> <span class='ocrx_word' id='word_1_254' title='bbox 529 2259 615 2287; x_wconf 92' lang='lat' dir='ltr'>non</span> <span class='ocrx_word' id='word_1_255' title='bbox 652 2245 899 2300; x_wconf 81' lang='lat' dir='ltr'>negauerim</span> <span class='ocrx_word' id='word_1_256' title='bbox 937 2244 1049 2286; x_wconf 88' lang='lat' dir='ltr'>inter</span> <span class='ocrx_word' id='word_1_257' title='bbox 1085 2247 1152 2285; x_wconf 86' lang='lat' dir='ltr'>tot</span> <span class='ocrx_word' id='word_1_258' title='bbox 1191 2243 1501 2285; x_wconf 88' lang='lat' dir='ltr'>Laurentianos</span> <span class='ocrx_word' id='word_1_259' title='bbox 1536 2242 1753 2284; x_wconf 86' lang='lat' dir='ltr'>Parisinos</span> <span class='ocrx_word' id='word_1_260' title='bbox 1794 2243 1885 2283; x_wconf 89' lang='lat' dir='ltr'>reli-</span> 
     </span>
     <span class='ocr_line' id='line_1_33' title="bbox 365 2314 1882 2371; baseline -0.003 -13"><span class='ocrx_word' id='word_1_261' title='bbox 365 2332 470 2371; x_wconf 87' lang='lat' dir='ltr'>quos</span> <span class='ocrx_word' id='word_1_262' title='bbox 510 2331 633 2371; x_wconf 92' lang='lat' dir='ltr'>posse</span> <span class='ocrx_word' id='word_1_263' title='bbox 671 2316 854 2357; x_wconf 90' lang='lat' dir='ltr'>inueniri</span> <span class='ocrx_word' id='word_1_264' title='bbox 894 2315 1106 2369; x_wconf 90' lang='lat' dir='ltr'>quondam</span> <span class='ocrx_word' id='word_1_265' title='bbox 1147 2315 1335 2356; x_wconf 86' lang='lat' dir='ltr'>melioris</span> <span class='ocrx_word' id='word_1_266' title='bbox 1375 2317 1503 2355; x_wconf 91' lang='lat' dir='ltr'>notae</span> <span class='ocrx_word' id='word_1_267' title='bbox 1542 2314 1699 2354; x_wconf 90' lang='lat' dir='ltr'>librum</span> <span class='ocrx_word' id='word_1_268' title='bbox 1740 2316 1882 2354; x_wconf 85' lang='lat' dir='ltr'>tamen</span> 
     </span>
     <span class='ocr_line' id='line_1_34' title="bbox 365 2385 1883 2441; baseline -0.003 -13"><span class='ocrx_word' id='word_1_269' title='bbox 365 2388 465 2441; x_wconf 86' lang='lat' dir='ltr'>quia</span> <span class='ocrx_word' id='word_1_270' title='bbox 510 2387 651 2441; x_wconf 89' lang='lat' dir='ltr'>operis</span> <span class='ocrx_word' id='word_1_271' title='bbox 696 2387 1011 2428; x_wconf 88' lang='lat' dir='ltr'>absolutionem</span> <span class='ocrx_word' id='word_1_272' title='bbox 1052 2387 1235 2440; x_wconf 86' lang='lat' dir='ltr'>amplius</span> <span class='ocrx_word' id='word_1_273' title='bbox 1283 2385 1451 2426; x_wconf 87' lang='lat' dir='ltr'>differre</span> <span class='ocrx_word' id='word_1_274' title='bbox 1495 2385 1614 2426; x_wconf 90' lang='lat' dir='ltr'>nolui</span> <span class='ocrx_word' id='word_1_275' title='bbox 1658 2385 1700 2425; x_wconf 92' lang='lat' dir='ltr'>in</span> <span class='ocrx_word' id='word_1_276' title='bbox 1744 2385 1883 2425; x_wconf 89' lang='lat' dir='ltr'>tribus</span> 
     </span>
     <span class='ocr_line' id='line_1_35' title="bbox 365 2455 1883 2512; baseline -0.003 -13"><span class='ocrx_word' id='word_1_277' title='bbox 365 2458 514 2499; x_wconf 87' lang='lat' dir='ltr'>classis</span> <span class='ocrx_word' id='word_1_278' title='bbox 553 2465 588 2498; x_wconf 87' lang='lat' dir='ltr'>E</span> <span class='ocrx_word' id='word_1_279' title='bbox 633 2472 741 2512; x_wconf 89' lang='lat' dir='ltr'>quae</span> <span class='ocrx_word' id='word_1_280' title='bbox 791 2458 878 2498; x_wconf 85' lang='lat' dir='ltr'>fere</span> <span class='ocrx_word' id='word_1_281' title='bbox 928 2457 1056 2498; x_wconf 87' lang='lat' dir='ltr'>tertia</span> <span class='ocrx_word' id='word_1_282' title='bbox 1105 2456 1290 2510; x_wconf 82' lang='lat' dir='ltr'>Kayseri</span> <span class='ocrx_word' id='word_1_283' title='bbox 1341 2456 1422 2497; x_wconf 91' lang='lat' dir='ltr'>dici</span> <span class='ocrx_word' id='word_1_284' title='bbox 1472 2458 1618 2509; x_wconf 90' lang='lat' dir='ltr'>potest</span> <span class='ocrx_word' id='word_1_285' title='bbox 1667 2455 1883 2496; x_wconf 90' lang='lat' dir='ltr'>codicibus</span> 
     </span>
     <span class='ocr_line' id='line_1_36' title="bbox 365 2526 1882 2583; baseline -0.003 -13"><span class='ocrx_word' id='word_1_286' title='bbox 365 2529 715 2583; x_wconf 87' lang='lat' dir='ltr'>acquiescendum</span> <span class='ocrx_word' id='word_1_287' title='bbox 745 2543 836 2570; x_wconf 90' lang='lat' dir='ltr'>esse</span> <span class='ocrx_word' id='word_1_288' title='bbox 867 2528 1027 2583; x_wconf 84' lang='lat' dir='ltr'>putaui.</span> <span class='ocrx_word' id='word_1_289' title='bbox 1076 2527 1142 2568; x_wconf 84' lang='lat' dir='ltr'>Ex</span> <span class='ocrx_word' id='word_1_290' title='bbox 1175 2528 1234 2568; x_wconf 90' lang='lat' dir='ltr'>eis</span> <span class='ocrx_word' id='word_1_291' title='bbox 1268 2541 1368 2568; x_wconf 87' lang='lat' dir='ltr'>uero</span> <span class='ocrx_word' id='word_1_292' title='bbox 1403 2541 1510 2580; x_wconf 77' lang='lat' dir='ltr'>quae</span> <span class='ocrx_word' id='word_1_293' title='bbox 1545 2541 1674 2580; x_wconf 85' lang='lat' dir='ltr'>snpra</span> <span class='ocrx_word' id='word_1_294' title='bbox 1707 2526 1882 2579; x_wconf 81' lang='lat' dir='ltr'>exposui</span> 
     </span>
     <span class='ocr_line' id='line_1_37' title="bbox 366 2595 1882 2654; baseline -0.003 -13"><span class='ocrx_word' id='word_1_295' title='bbox 366 2603 544 2654; x_wconf 85' lang='lat' dir='ltr'>apparet</span> <span class='ocrx_word' id='word_1_296' title='bbox 591 2615 669 2641; x_wconf 91' lang='lat' dir='ltr'>nos</span> <span class='ocrx_word' id='word_1_297' title='bbox 720 2615 806 2641; x_wconf 88' lang='lat' dir='ltr'>non</span> <span class='ocrx_word' id='word_1_298' title='bbox 851 2613 1081 2654; x_wconf 84' lang='lat' dir='ltr'>agnoscere</span> <span class='ocrx_word' id='word_1_299' title='bbox 1125 2600 1296 2653; x_wconf 86' lang='lat' dir='ltr'>praeter</span> <span class='ocrx_word' id='word_1_300' title='bbox 1339 2597 1449 2638; x_wconf 88' lang='lat' dir='ltr'>hanc</span> <span class='ocrx_word' id='word_1_301' title='bbox 1494 2597 1673 2638; x_wconf 89' lang='lat' dir='ltr'>classem</span> <span class='ocrx_word' id='word_1_302' title='bbox 1719 2595 1882 2637; x_wconf 88' lang='lat' dir='ltr'>codices</span> 
     </span>
     <span class='ocr_line' id='line_1_38' title="bbox 366 2669 1885 2726; baseline -0.003 -15"><span class='ocrx_word' id='word_1_303' title='bbox 366 2671 524 2713; x_wconf 81' lang='lat' dir='ltr'>mixtae</span> <span class='ocrx_word' id='word_1_304' title='bbox 558 2671 736 2726; x_wconf 82' lang='lat' dir='ltr'>originis</span> <span class='ocrx_word' id='word_1_305' title='bbox 770 2686 865 2712; x_wconf 87' lang='lat' dir='ltr'>cum</span> <span class='ocrx_word' id='word_1_306' title='bbox 899 2670 1089 2724; x_wconf 84' lang='lat' dir='ltr'>Kaysero</span> <span class='ocrx_word' id='word_1_307' title='bbox 1125 2670 1196 2711; x_wconf 90' lang='lat' dir='ltr'>sed</span> <span class='ocrx_word' id='word_1_308' title='bbox 1235 2684 1305 2710; x_wconf 89' lang='lat' dir='ltr'>eos</span> <span class='ocrx_word' id='word_1_309' title='bbox 1345 2683 1435 2710; x_wconf 91' lang='lat' dir='ltr'>esse</span> <span class='ocrx_word' id='word_1_310' title='bbox 1470 2683 1615 2709; x_wconf 89' lang='lat' dir='ltr'>omnes</span> <span class='ocrx_word' id='word_1_311' title='bbox 1649 2669 1752 2722; x_wconf 92' lang='lat' dir='ltr'>quot</span> <span class='ocrx_word' id='word_1_312' title='bbox 1785 2670 1885 2708; x_wconf 88' lang='lat' dir='ltr'>sunt</span> 
     </span>
     <span class='ocr_line' id='line_1_39' title="bbox 366 2736 1883 2796; baseline -0.003 -13"><span class='ocrx_word' id='word_1_313' title='bbox 366 2742 631 2796; x_wconf 87' lang='lat' dir='ltr'>expletorum</span> <span class='ocrx_word' id='word_1_314' title='bbox 666 2742 823 2782; x_wconf 89' lang='lat' dir='ltr'>mixtae</span> <span class='ocrx_word' id='word_1_315' title='bbox 857 2742 1035 2796; x_wconf 78' lang='lat' dir='ltr'>originis</span> <span class='ocrx_word' id='word_1_316' title='bbox 1071 2744 1222 2782; x_wconf 83' lang='lat' dir='ltr'>nostra</span> <span class='ocrx_word' id='word_1_317' title='bbox 1255 2740 1465 2782; x_wconf 88' lang='lat' dir='ltr'>sententia</span> <span class='ocrx_word' id='word_1_318' title='bbox 1499 2738 1710 2780; x_wconf 88' lang='lat' dir='ltr'>dicendos.</span> <span class='ocrx_word' id='word_1_319' title='bbox 1775 2736 1883 2779; x_wconf 83' lang='lat' dir='ltr'>Sunt</span> 
     </span>
     <span class='ocr_line' id='line_1_40' title="bbox 367 2814 605 2854; baseline 0.004 -1"><span class='ocrx_word' id='word_1_320' title='bbox 367 2817 507 2854; x_wconf 85' lang='lat' dir='ltr'>antem</span> <span class='ocrx_word' id='word_1_321' title='bbox 540 2814 605 2854; x_wconf 85' lang='lat' dir='ltr'>hi:</span> 
     </span>
    </p>
   </div>
   <div class='ocr_carea' id='block_1_4' title="bbox 489 2881 1882 2941">
    <p class='ocr_par' dir='ltr' id='par_1_4' title="bbox 489 2881 1882 2941">
     <span class='ocr_line' id='line_1_41' title="bbox 489 2881 1882 2941; baseline -0.003 -16"><span class='ocrx_word' id='word_1_322' title='bbox 489 2882 532 2941; x_wconf 82' lang='lat'>1)</span> <span class='ocrx_word' id='word_1_323' title='bbox 584 2883 725 2926; x_wconf 83' lang='lat' dir='ltr'>Codex</span> <span class='ocrx_word' id='word_1_324' title='bbox 776 2884 1107 2938; x_wconf 78' lang='lat' dir='ltr'>Bainbergensis</span> <span class='ocrx_word' id='word_1_325' title='bbox 1152 2884 1238 2925; x_wconf 76' lang='lat'>423</span> <span class='ocrx_word' id='word_1_326' title='bbox 1276 2882 1320 2924; x_wconf 88' lang='lat' dir='ltr'>M</span> <span class='ocrx_word' id='word_1_327' title='bbox 1349 2882 1386 2923; x_wconf 91' lang='lat' dir='ltr'>V</span> <span class='ocrx_word' id='word_1_328' title='bbox 1414 2884 1439 2924; x_wconf 76' lang='lat' dir='ltr'>S</span> <span class='ocrx_word' id='word_1_329' title='bbox 1484 2883 1623 2923; x_wconf 85' lang='lat' dir='ltr'>forma</span> <span class='ocrx_word' id='word_1_330' title='bbox 1673 2881 1882 2936; x_wconf 84' lang='lat' dir='ltr'>oblongus</span> 
     </span>
    </p>
   </div>
  </div>
 </body>
</html>
