2003 3116
695 107 1064 140 PROLEGOMENA.
1582 107 1636 147 47

116 229 211 256 rum
243 214 445 256 librarios
480 214 672 256 diuersos
707 229 1011 269 saepenumero
1043 215 1086 256 in
1118 215 1277 257 eisdem
1303 215 1525 257 uocabulis
1554 229 1637 256 uno

118 288 245 340 atque
272 286 419 327 eodem
446 285 572 328 modo
604 301 804 341 peccasse
830 287 949 328 nulla
973 301 1018 328 re
1045 287 1184 342 magis
1212 286 1484 342 cognoscitur
1511 300 1636 340 quam

117 357 228 411 quod
261 356 324 398 IV
355 357 425 411 46,
451 356 506 398 59
540 357 658 399 codd.
684 364 719 398 E
758 360 872 399 recte
903 361 1069 412 ponunt
1101 359 1312 412 palaestra
1345 358 1470 399 sicuti
1502 356 1637 398 Plaut.

116 427 226 469 Rud.
253 429 335 470 237
372 428 594 469 emendate
628 428 851 483 scribitur,
890 429 964 469 ubi
1004 429 1122 471 codd.
1149 427 1229 471 OD
1254 430 1402 482 palam
1433 431 1490 470 est
1527 427 1640 483 quod

116 499 267 540 habuit
292 499 367 540 illo
394 499 488 540 loco
516 499 605 541 cod.
626 506 684 541 Μ.
726 498 960 553 Exemplar
985 499 1165 554 denique
1193 500 1298 540 illud
1325 499 1436 541 unde
1463 499 1582 541 codd.
1602 505 1637 539 E

117 569 284 611 deducti
314 572 413 610 sunt
440 570 660 624 egregium
686 569 817 610 fuisse
843 570 912 610 uel
944 584 992 610 ex
1014 571 1189 611 minutis
1219 574 1261 611 ct
1287 571 1520 612 leuioribus
1549 570 1635 624 qui-

115 640 296 682 busdam
335 643 530 695 apparet:
575 640 707 681 ueluti
750 639 814 681 III
849 640 922 693 20,
949 641 1006 681 34
1037 647 1083 681 Μ
1120 640 1271 681 habuit
1308 642 1639 696 quotiescumque,

114 718 149 751 E
175 712 334 752 rectius
360 712 545 764 quotiens
570 725 737 764 cumque
756 711 868 765 quod
891 711 1076 752 codicem
1104 712 1131 752 b
1159 712 1396 753 rectissime
1418 716 1635 766 tamquam

115 782 197 823 duo
229 782 362 823 uerba
394 782 657 836 distinguere
691 783 939 838 cognositur
973 796 1022 823 ex
1056 781 1170 824 Mon.
1203 782 1361 837 Ancyr.
1388 783 1448 824 IV
1482 784 1550 824 23.

232 853 379 908 Neque
412 868 513 895 uero
542 868 591 895 ea
617 868 725 908 quae
757 855 870 895 recte
898 854 1157 895 omittuntur
1188 853 1231 894 in
1259 854 1375 895 codd.
1396 860 1431 894 E
1459 855 1638 896 minoris

115 924 383 966 aestimanda
415 927 513 966 sunt
538 925 581 966 in
608 925 856 966 recensione
884 925 1022 979 operis
1051 939 1180 979 quam
1206 939 1254 966 ea
1282 940 1388 979 quae
1416 925 1638 967 habentur.

111 994 223 1037 Nam
252 996 342 1038 cod.
362 1002 408 1038 Μ
430 996 578 1037 multis
607 996 764 1052 glossis
792 998 835 1037 et
860 996 1256 1050 interpretamentis
1284 999 1484 1038 onustum
1506 996 1637 1038 fuisse

111 1081 291 1120 quorum
331 1067 467 1108 multa
505 1083 582 1122 pro
617 1068 813 1122 genuinis
852 1068 893 1109 in
929 1067 1178 1123 apographa
1218 1068 1341 1109 illata
1374 1070 1473 1109 sunt
1506 1069 1638 1109 mani-

110 1138 266 1180 festum
301 1142 375 1180 est.
439 1139 585 1180 Veluti
619 1140 661 1180 in
696 1139 784 1181 cod.
811 1137 853 1179 H
887 1138 991 1180 haec
1024 1141 1196 1180 exstant
1236 1139 1496 1193 glossemata
1529 1154 1637 1195 quae

110 1210 154 1250 in
181 1210 356 1265 reliquis
383 1225 466 1251 non
496 1211 788 1252 inueniantur:
821 1209 840 1250 I
869 1210 984 1263 6,1O
1012 1211 1234 1265 ten-2201&
1256 1211 1311 1251 22
1338 1211 1402 1252 uel
1429 1211 1638 1261 diff·e1ent,

107 1279 151 1321 II
187 1281 258 1335 16,
285 1282 342 1323 24
379 1282 597 1336 defensori,
635 1283 703 1336 30,
730 1282 785 1323 45)
825 1285 871 1322 ut
906 1282 1094 1335 positum
1136 1296 1214 1336 pro
1251 1296 1345 1335 quo,
1384 1282 1446 1323 IV
1480 1283 1554 1336 24,
1581 1284 1636 1323 34

110 1366 186 1405 pro
213 1366 251 1406 a,
279 1352 343 1393 ΙΙΙ
374 1353 438 1407 15,
465 1354 520 1395 26
546 1354 787 1409 1·ι“311111,22,
814 1353 867 1393 37
897 1353 1038 1394 ordine
1065 1366 1232 1407 genere
1264 1353 1379 1394 IV.)
1356 1354 1377 1375 ⁹
1383 1354 1440 1407 ,5
1466 1355 1636 1395 nomina

110 1423 348 1477 uolumina,
387 1424 457 1478 39,
484 1425 536 1466 51
579 1426 754 1479 ignotos
793 1437 903 1477 suos,
946 1424 984 1476 3,
1011 1423 1038 1464 5
1076 1388 1422 1464 testimonioruin
1463 1427 1637 1479 tuorum,

114 1494 179 1548 10,
208 1495 262 1535 14
294 1497 515 1536 attenuato
542 1509 644 1548 0190,
676 1498 712 1535 et
744 1494 903 1548 ez‚1dem
936 1494 1004 1545 28,
1031 1495 1086 1536 38
1119 1498 1155 1535 et
1187 1495 1457 1549 domesticos,
1492 1497 1558 1551 17,
1579 1497 1635 1537 24

109 1579 194 1606 non
226 1567 539 1621 infirmaturv,
515 1568 581 1621 ..2,
608 1566 665 1607 30
698 1580 831 1620 genus
863 1578 1104 1620 311116110113
1137 1566 1205 1620 34,
1231 1566 1288 1607 45
1320 1580 1367 1607 ea
1400 1567 1527 1618 mim
1558 1582 1634 1621 pro

107 1651 196 1678 cam
232 1638 334 1692 itur,
372 1638 446 1688 40,
480 1638 534 1678 52
575 1638 759 1692 propozz's
800 1637 965 1678 meritis
1008 1637 1102 1678 alia.
1166 1637 1225 1678 At
1266 1636 1330 1678 III
1371 1638 1444 1692 22,
1478 1639 1531 1679 37
1575 1638 1637 1679 ut

108 1707 276 1749 facilius
317 1707 563 1749 meminisse
602 1707 830 1749 ualeamus-³
872 1708 989 1749 solus
1030 1708 1220 1749 seruauit
1260 1707 1319 1762 H,
1360 1709 1513 1763 reliqui
1555 1724 1633 1764 pro

106 1779 320 1821 ualeamus
351 1779 514 1820 habent
542 1779 762 1831 possinws:
803 1782 947 1820 utrum
981 1779 1212 1834 genuinum
1248 1782 1388 1821 utrum
1420 1781 1635 1835 glossema

109 1848 223 1891 haud
250 1850 422 1892 difficile
450 1851 533 1892 erit
559 1851 612 1892 ad
640 1850 956 1892 diiudicandum
985 1865 1079 1892 cum
1115 1851 1134 1892 Ι
1163 1852 1200 1904 2,
1228 1852 1253 1893 3
1288 1852 1486 1894 meliores
1515 1853 1633 1895 codd.

105 1919 311 1962 habeant:
346 1921 408 1962 ‘ut
435 1922 674 1977 aliquorum
703 1922 866 1963 similes
894 1923 936 1962 in
965 1922 1141 1964 dicendo
1166 1923 1376 1965 ualeamus
1396 1924 1518 1978 esse',
1551 1925 1623 1965 ubi

107 1991 225 2033 codd.
259 1992 490 2035 deteriores
530 1996 572 2034 et
612 1993 729 2034 editt.
764 1993 909 2034 tritius
949 1993 1055 2034 illud
1095 1996 1136 2034 et
1174 1994 1345 2036 facilius
1386 1999 1634 2050 supponunt

105 2063 292 2105 uelimus.
357 2064 466 2105 Aliis
507 2068 647 2106 autem
688 2064 794 2106 locis
834 2067 877 2105 et
916 2065 1128 2118 corruptis
1167 2068 1209 2106 et
1247 2065 1425 2120 integris
1464 2068 1549 2107 iam
1589 2067 1632 2107 in

107 2133 197 2175 cod.
228 2141 274 2175 M
313 2135 545 2190 archetypo
584 2136 848 2190 glossemata
887 2138 962 2177 aut
1000 2136 1253 2189 expulerant
1293 2136 1526 2191 scripturas
1566 2153 1633 2179 ue-

108 2207 248 2246 tustas
282 2208 355 2246 aut
388 2209 606 2248 auxerant.
651 2206 797 2248 Veluti
830 2206 873 2247 II
910 2207 978 2261 13,
1004 2207 1060 2248 20
1092 2207 1164 2248 ille
1192 2206 1343 2248 habuit
1369 2209 1634 2261 paciscuntur

107 2290 184 2329 pro
216 2280 395 2330 payamt,
435 2280 549 2319 recte
581 2292 682 2319 uero
716 2278 974 2319 omittuntur
1006 2278 1049 2318 in
1082 2285 1117 2318 Ε
1150 2279 1415 2333 glossemata
1447 2294 1554 2334 quae
1587 2280 1630 2320 in

105 2353 151 2388 M
183 2349 366 2390 testibus
398 2348 486 2390 ΗΡ
519 2350 614 2391 aliis
647 2349 715 2391 his
748 2350 854 2391 locis
887 2350 1143 2405 legebantur
1175 2349 1216 2390 lI
1250 2351 1316 2405 22,
1345 2351 1401 2392 34
1433 2351 1484 2392 ad
1519 2352 1629 2406 quod

105 2419 150 2460 id
180 2419 445 2476 maleficium,
479 2421 542 2462 III
579 2422 644 2475 10,
674 2422 726 2463 18
760 2421 818 2463 Et
848 2422 1006 2475 reliqua
1039 2422 1256 2477 quoniam,
1292 2422 1357 2476 12,
1383 2422 1439 2463 22
1466 2422 1628 2463 audito-

105 2504 193 2531 rem
238 2492 398 2544 quz'dem
440 2493 622 2534 uarietas
667 2493 777 2547 quod
818 2508 901 2534 non
950 2494 1165 2547 glossema
1211 2493 1283 2534 sed
1324 2494 1520 2534 mendum
1566 2498 1631 2534 est

105 2561 269 2603 librarii
304 2564 541 2618 oscitantis,
579 2564 643 2618 15,
670 2565 722 2605 27
749 2578 830 2617 pro
862 2565 999 2615 celeri,
1034 2564 1100 2618 16,
1127 2565 1181 2605 28
1215 2577 1287 2605 uos
1320 2565 1373 2605 ob
1407 2564 1509 2604 illud
1534 2564 1629 2616 pla-

105 2646 189 2674 cere
220 2647 269 2674 ex
295 2634 457 2688 placeat
487 2637 733 2688 corruptum
768 2635 958 2675 additum
993 2635 1104 2676 conf.
1136 2651 1175 2689 p.
1203 2635 1277 2687 243
1310 2635 1352 2675 in
1386 2635 1480 2675 loco
1514 2635 1627 2675 lacu-

106 2704 312 2746 noso·IV
345 2706 414 2761 28,
447 2706 500 2746 39
544 2706 586 2746 in
630 2711 676 2746 M
720 2706 909 2747 additum
954 2708 1046 2747 erat
1088 2707 1273 2759 sapiens,
1324 2706 1392 2756 37,
1425 2706 1481 2746 50
1530 2705 1628 2746 inde

105 2776 347 2830 negationis
379 2777 553 2831 1101111116,
586 2777 654 2831 21,
680 2777 735 2818 29
768 2783 803 2817 Ε
836 2780 948 2818 recte
977 2777 1141 2819 omittit
1167 2778 1355 2832 glossam
1382 2778 1625 2818 meretricem

105 2845 150 2887 in
179 2852 226 2888 M
262 2848 314 2889 ad
346 2847 518 2889 01111ῗο111
556 2848 764 2902 additam,
804 2848 873 2904 25,
898 2849 955 2890 34
991 2849 1145 2902 statim,
1185 2848 1296 2903 quod
1335 2848 1377 2888 in
1417 2854 1463 2889 M
1500 2862 1627 2902 super
