2003 3116
608 117 976 150 PROLEGOMENA.
1493 116 1548 156 69

28 229 183 268 torum.
245 224 326 268 Sed
359 226 477 268 codd.
510 227 536 268 b
570 227 613 267 et
643 224 678 266 P
711 224 964 267 collationes
992 249 1046 255 —
1080 225 1202 266 illum
1235 225 1326 280 ipse
1358 225 1548 266 coutule-

27 299 113 349 rat,
147 297 274 339 huius
315 298 524 339 lectiones
561 297 656 339 aliis
689 296 873 338 debebat
905 321 960 326 —-
994 295 1400 352 neglegentissimae
1431 295 1548 338 fuere

28 368 273 423 multosque
307 369 432 412 sicuti
464 383 531 410 me
558 368 816 409 induxerunt
846 367 892 409 in
918 382 1072 423 graues
1099 382 1262 409 errores
1289 381 1365 408 nec
1392 367 1549 408 iniuria

28 442 264 495 queruntur
301 440 351 480 de
394 439 656 481 obscuritate
694 438 986 493 Kayserianae
1033 438 1299 494 PLangenus
1337 437 1549 493 Philolog.

26 509 213 553 XXXVI
243 527 283 566 p.
309 511 395 553 483
429 511 513 553 alii.
576 509 657 552 Sed
696 524 774 565 ego
808 510 977 565 quidem
1016 510 1116 552 nolo
1155 509 1301 551 inuehi
1332 510 1376 550 in
1408 509 1548 551 uirum

27 582 249 637 egregium
281 581 594 623 maleuolorum
627 584 670 622 et
700 580 898 622 fortunae
927 580 1092 622 inuidia
1124 581 1339 635 quondam
1373 595 1547 635 oppres—

26 667 120 694 sum
157 666 294 706 neque
334 652 398 692 illi
431 651 655 693 detrahere
694 651 831 693 ausim
862 650 931 693 his
962 651 1104 692 uerbis
1136 651 1384 692 haerentem
1417 651 1549 705 capiti

26 738 121 766 cum
159 723 297 765 multa
333 722 458 764 laude
499 737 702 765 coronam
735 737 862 777 quam
901 721 939 763 ei
971 721 1200 763 HUseneri
1237 722 1375 777 pietas
1413 736 1549 776 nuper

27 795 242 849 imposuit.
315 794 574 836 Laudandus
620 797 686 835 est
730 793 927 848 inprimis
972 796 1149 848 propter
1193 794 1546 834 commentarium

23 865 174 908 utilem
206 868 248 907 et
280 865 567 920 commodum,
606 865 651 907 in
691 864 967 907 emendandis
1006 864 1150 906 uerbis
1186 878 1311 918 saepe
1344 864 1465 919 felix,
1503 864 1546 905 in

25 936 292 993 praefatione
342 952 424 991 qua
474 951 569 978 cum
612 935 804 978 Victorio
855 935 1052 977 Turnebo
1102 934 1311 978 Lambino
1363 935 1545 978 Grutero

23 1008 183 1049 librum
216 1005 443 1049 Cornificio
481 1007 720 1050 uindicauit
758 1007 904 1049 multis
948 1008 1162 1061 persuasit
1199 1008 1242 1049 iu
1283 1007 1436 1062 quibus
1479 1022 1545 1049 me

26 1093 194 1134 quoque
227 1078 441 1134 quondam
474 1079 605 1120 fuisse
638 1079 751 1120 haud
785 1078 916 1133 pudet
947 1078 1116 1120 referre.
1178 1077 1283 1120 Post
1315 1078 1544 1120 Gruterum

26 1153 68 1192 et
107 1149 377 1192 Schuetzium
422 1150 545 1191 obelo
588 1165 688 1191 usus
728 1154 793 1191 est
831 1151 874 1190 et
914 1149 1071 1190 abusus
1118 1152 1183 1191 est
1225 1150 1458 1205 plurimum
1503 1151 1544 1191 in

23 1220 123 1262 libri
160 1221 406 1262 recensione
444 1221 544 1276 quia
582 1235 718 1275 neque
758 1220 825 1262 hic
864 1235 998 1275 neque
1037 1220 1101 1261 illi
1139 1222 1341 1262 naturam
1381 1220 1470 1262 eius
1505 1224 1546 1262 et

25 1291 379 1346 compositionem
422 1292 526 1334 satis
567 1294 885 1346 perspexerant.
947 1290 1173 1333 Praeterea
1212 1291 1311 1333 libri
1355 1291 1407 1333 ad
1446 1291 1544 1333 Her.

25 1363 162 1404 denuo
202 1363 306 1404 editi
343 1362 387 1403 in
427 1362 645 1404 Ciceronis
684 1362 906 1404 rhetoricis
947 1362 1000 1403 ab
1040 1362 1187 1404 eodem
1226 1362 1395 1417 Lipsiae
1433 1362 1546 1404 1860

24 1448 74 1476 ex
106 1434 277 1476 officina
310 1432 639 1487 BTauchnitzii‚
682 1449 707 1475 a
739 1432 956 1475 Guilelmo
988 1432 1250 1475 Friedrichio
1290 1433 1461 1488 Lipsiae
1501 1434 1544 1474 iu

26 1504 202 1546 aedibus
234 1504 527 1547 BGTeubneri
558 1505 680 1547 1884.
742 1504 860 1547 Haec
892 1504 1024 1546 habui
1058 1520 1165 1559 quae
1199 1505 1248 1546 de
1280 1505 1381 1546 fatis
1415 1505 1544 1546 libro-

23 1591 118 1617 rum
157 1576 210 1618 ad
240 1576 340 1618 Her.
373 1579 415 1618 et
453 1576 503 1617 de
543 1576 695 1618 studiis
736 1591 811 1631 per
841 1574 923 1617 XV
957 1576 1125 1618 saecula
1157 1577 1199 1617 iu
1233 1577 1292 1617 eis
1324 1575 1544 1618 collocatis

23 1647 285 1689 dissererem.
348 1647 441 1697 Quo
492 1647 609 1689 facto
659 1647 711 1689 ad
764 1647 1059 1702 quaestionem
1111 1647 1232 1689 illam
1276 1647 1326 1688 de
1372 1651 1544 1689 auctore

22 1718 230 1760 librorum
264 1719 315 1760 ad
348 1719 449 1761 Her.
482 1718 741 1761 accedamus.

141 1788 262 1831 Nihil
293 1791 485 1845 profecto
518 1790 688 1832 uidetur
720 1790 883 1832 dulcius
916 1805 1008 1832 esse
1041 1790 1275 1846 philologis
1309 1793 1351 1840 et
1383 1790 1541 1833 criticis
1556 1813 1823 1839 Dehbriauctm,

23 1875 150 1916 quam
181 1861 338 1903 librum
372 1863 443 1918 qui
476 1862 714 1916 antiquitus
746 1861 854 1903 falso
886 1862 1176 1904 uindicaretur
1208 1862 1372 1904 auctori
1404 1862 1449 1903 in
1479 1863 1544 1903 sui

21 1933 158 1987 patris
191 1935 233 1974 et
264 1933 425 1975 domini
457 1948 659 1975 reuocare
698 1935 958 1987 potestatem
992 1934 1118 1975 docta
1156 1934 1543 1988 argumentatione.

22 2003 89 2046 Ita
122 2005 393 2059 grammatici
426 2005 591 2060 antiqui
626 2005 847 2046 nonnullis
881 2004 1146 2047 orationibus
1181 2019 1287 2059 quae
1319 2005 1431 2047 inter
1463 2005 1542 2047 De-

23 2074 313 2117 mosthenicas
359 2076 596 2118 edebantur
638 2090 775 2118 nouos
819 2076 1132 2131 indagauerant
1175 2079 1370 2118 auctores
1409 2077 1544 2118 ueluti

22 2145 314 2202 Hegesippum
350 2146 625 2202 Dinarchum,
657 2147 809 2189 Petrus
836 2146 1056 2189 Victorius
1088 2147 1329 2189 rhetoricae
1362 2147 1415 2188 ad
1446 2147 1543 2189 Ale-

22 2217 232 2259 xandrum
260 2218 585 2273 Anaximenem,
618 2218 825 2260 librorum
858 2219 911 2260 ad
937 2218 1038 2261 Her.
1064 2217 1338 2260 Cornificium
1372 2222 1542 2260 secutus

23 2288 206 2343 Regium
247 2291 465 2331 auctorem
505 2304 595 2331 esse
635 2290 803 2344 statuit,
842 2292 1012 2344 patrum
1052 2294 1298 2332 nostrorum
1337 2290 1543 2331 memoria

22 2359 263 2402 Boeckhius
301 2360 457 2402 librum
500 2360 550 2402 de
588 2375 675 2415 rep.
712 2361 1044 2402 Atheniensium
1085 2360 1247 2403 Critiae
1294 2361 1543 2414 uindicauit,

23 2430 214 2473 Naekius
246 2430 656 2487 Pseudouergiliana
687 2433 763 2474 illa
789 2431 956 2487 Catoni,
987 2448 1123 2488 nuper
1150 2433 1411 2488 Protagoras
1439 2430 1542 2474 Gor-

22 2505 152 2544 nutus
184 2501 359 2544 Asinius
391 2502 516 2545 Polio
550 2518 649 2545 suos
683 2504 766 2545 sibi
798 2504 1055 2545 inuenerunt
1090 2504 1235 2546 libros.
1298 2503 1390 2553 Qua
1421 2503 1462 2544 in
1497 2518 1541 2545 re

22 2574 130 2615 illud
167 2573 441 2628 potissimum
479 2574 721 2616 mirandum
760 2577 843 2629 est,
882 2589 1008 2629 quam
1048 2575 1194 2628 paucis
1232 2575 1297 2616 illi
1329 2574 1379 2615 de
1416 2575 1540 2616 nouis

24 2646 110 2687 suis
138 2645 382 2687 auctoribus
409 2646 712 2698 persuaserint.
763 2645 906 2700 Atque
935 2643 1155 2687 Cornificii
1181 2646 1353 2700 quidem
1383 2659 1539 2687 nomen

23 2730 74 2758 ea
103 2716 378 2771 potissimum
412 2715 462 2756 de
494 2730 622 2758 causa
647 2718 763 2757 recte
788 2716 1016 2757 uidebatur
1042 2716 1264 2757 inuentum
1292 2730 1396 2769 esse,
1429 2717 1540 2771 quod

23 2801 108 2829 non
146 2802 231 2829 uno
270 2787 343 2829 sed
380 2787 574 2842 pluribus
612 2787 717 2829 locis
751 2785 1038 2836 Quintilianus
1077 2803 1163 2830 non
1203 2788 1374 2844 singula
1408 2788 1539 2830 uerba

25 2859 96 2900 sed
135 2861 228 2900 tota
266 2859 488 2900 enuntiata
526 2856 740 2901 Cornificii
778 2859 959 2901 alicuius
1005 2859 1145 2901 adfert
1182 2874 1289 2915 quae
1334 2860 1378 2902 in
1417 2859 1538 2902 libris
