2003 3116
322 131 377 172 26
899 129 1263 163 PROLEGOMENA.

322 254 349 280 n
381 239 525 279 littera
556 238 598 278 in
624 243 670 278 M
694 250 1015 291 nonnumquam
1047 236 1074 277 h
1107 237 1331 292 legebatur
1361 237 1495 278 ueluti
1520 236 1563 278 II
1590 238 1658 292 25,
1677 239 1734 280 40
1760 253 1836 293 pro

320 323 449 351 nune:
485 308 608 361 Imm,
647 307 713 360 10,
738 307 796 348 40
834 321 910 361 pro
949 307 1128 349 noluisse
1162 307 1314 349 habuit
1345 307 1547 363 habuisse,
1587 307 1648 350 IV
1682 310 1756 365 22,
1782 310 1835 352 31

321 394 396 433 pro
428 378 624 420 nominis:
656 377 852 432 hominis,
882 376 926 418 II
961 378 998 433 1,
1020 378 1042 420 1
1076 392 1154 433 pro
1186 378 1249 420 in:
1281 378 1319 434 h,
1351 377 1415 420 IV
1441 378 1509 433 30,
1529 379 1584 420 41
1616 394 1694 433 pro
1726 381 1838 434 iquo-

319 450 467 491 mim'a:
492 448 650 490 homini
673 462 720 503 a,
745 447 788 489 II
808 449 876 503 22,
897 449 954 491 34
978 464 1056 504 pro
1083 450 1241 492 animo:
1267 450 1393 493 homo.
1445 449 1607 492 Contra
1633 449 1677 492 Π
1702 451 1766 506 16,
1780 452 1836 493 24

318 534 394 574 pro
426 519 501 560 hae
532 522 610 561 tres
641 518 795 561 habuit
826 523 1000 563 nostras.
1050 520 1100 562 In
1127 520 1170 562 H
1202 521 1288 563 ista
1320 521 1458 564 forma
1489 536 1518 562 n
1550 521 1719 564 litterae
1754 536 1837 563 ser-

318 592 419 632 uata
451 592 515 632 est
546 589 618 633 fol.
646 590 744 633 55r.
777 591 849 633 ubi
880 591 924 633 in
950 592 1160 634 uocabulo
1187 594 1294 635 enim
1320 608 1348 634 n
1374 593 1521 635 littera
1552 592 1650 635 huic
1677 593 1839 636 formae

317 661 345 702 h
375 661 594 703 simillima
626 666 702 704 est.

433 731 497 774 De
531 733 624 775 aliis
663 733 905 775 litterarum
938 735 1263 777 confusionibus
1302 735 1438 777 ueluti
1470 735 1519 777 de
1553 734 1577 777 d
1611 737 1653 777 et
1683 750 1711 790 p
1745 750 1837 778 con-

317 805 480 846 fusione
525 804 570 845 in
614 805 823 846 uocabulo
860 806 1028 859 pictura
1072 806 1186 848 facta
1229 807 1331 848 nolo
1377 807 1572 861 pluribus
1618 807 1839 849 disserere.

316 876 379 918 De
410 891 432 917 r
465 876 611 918 littera
643 891 662 918 s
695 876 915 918 simillima
949 877 1111 932 optime
1145 877 1393 933 apographa
1419 876 1460 918 H
1487 880 1527 919 et
1553 877 1586 919 P
1612 880 1840 934 testantur,

316 947 359 989 iu
393 948 546 1003 quibus
581 962 887 1003 saepenumero
927 949 1170 991 etiamnunc
1203 949 1372 991 dubites
1404 951 1549 991 utrum
1581 949 1700 1005 legas
1733 949 1839 992 inbe-

315 1033 406 1063 mns
445 1034 717 1074 yrauaremns
760 1034 1030 1075 peruayenms
1078 1021 1360 1063 seducerentur
1409 1021 1668 1063 secedendum
1714 1022 1842 1064 doeesz'

318 1092 589 1145 imprudentes
621 1106 674 1133 an
706 1092 890 1134 iubemur
916 1106 1192 1146 yrauaremnr
1219 1107 1251 1135 e.
1279 1107 1315 1147 q.
1343 1108 1373 1134 s.
1423 1092 1576 1147 Itaque
1608 1093 1714 1135 haec
1740 1108 1840 1148 quo-

316 1178 396 1217 que
429 1178 495 1204 res
529 1163 580 1204 ad
620 1178 710 1204 rem
743 1163 934 1205 criticam
969 1164 1246 1206 exercendam
1287 1164 1434 1219 magni
1466 1164 1674 1205 momenti
1708 1163 1842 1205 ueluti

315 1234 380 1276 III
413 1235 451 1289 4,
475 1235 496 1276 7
531 1249 608 1289 pro
641 1236 883 1288 aperiendae
913 1236 967 1277 sit
999 1235 1110 1290 quod
1141 1236 1185 1277 in
1216 1242 1262 1278 M
1293 1235 1387 1290 fuit,
1419 1249 1497 1277 nos
1531 1250 1626 1277 cum
1653 1234 1685 1278 C
1718 1235 1839 1277 resti—

316 1309 484 1348 tuemus
516 1307 738 1360 aperienda
769 1307 856 1349 erit.

434 1377 726 1419 Difficillimus
774 1380 916 1419 autem
961 1377 1221 1433 archetypus
1261 1378 1420 1420 codicis
1452 1384 1498 1420 M
1534 1378 1628 1420 ideo
1667 1378 1838 1434 potissi-

314 1464 430 1490 mum
477 1448 557 1490 fuit
594 1451 647 1491 ad
685 1449 911 1505 legendum
956 1450 1068 1505 quod
1111 1449 1265 1492 habuit
1310 1450 1559 1504 compendia
1604 1450 1839 1505 scripturae

273 1543 278 1569 3
317 1520 599 1562 audacissima
632 1521 676 1562 in
715 1520 977 1576 apographis
1016 1535 1338 1576 nonnumquam
1378 1523 1568 1573 seruata,
1606 1521 1676 1563 hic
1715 1524 1838 1575 recte,

314 1593 402 1634 illic
430 1592 541 1634 falso
575 1592 797 1647 explicata.
849 1590 997 1634 Veluti
1035 1593 1238 1647 negotium
1272 1592 1479 1647 scriptum
1510 1592 1593 1634 fuit
1625 1593 1669 1635 in
1700 1600 1746 1635 M
1777 1592 1838 1635 IV

313 1664 388 1718 55,
415 1663 489 1705 68:
533 1669 662 1719 nguri,¹
682 1663 832 1717 (conf.
873 1662 945 1704 GL
992 1663 1054 1705 IV
1085 1680 1125 1720 p.
1158 1664 1262 1718 279,
1289 1663 1384 1719 24),
1427 1664 1542 1706 nobis
1574 1664 1647 1719 56,
1668 1665 1742 1706 69ε
1782 1666 1838 1706 nb

317 1734 444 1791 (conf.
478 1735 504 1776 1.
537 1749 568 1777 s.
600 1750 639 1790 p.
665 1735 831 1790 310‚2‚
854 1734 947 1791 16),
985 1738 1059 1777 aut
1092 1749 1119 1777 α
1156 1735 1272 1777 rebus
1304 1735 1378 1789 55,
1400 1735 1473 1777 68:
1513 1744 1537 1776 ῖι
1570 1750 1594 1776 a
1625 1736 1672 1777 rb
1709 1734 1837 1792 (conf.

315 1805 341 1846 l.
375 1820 406 1847 s.
436 1820 476 1860 p.
502 1805 600 1861 280,
621 1807 660 1862 2,
681 1804 740 1862 9),
771 1807 887 1848 modo
921 1806 1153 1849 secundum
1185 1805 1228 1848 H
1259 1806 1302 1848 ΙΙ
1330 1808 1398 1860 23,
1419 1806 1475 1848 35
1508 1809 1550 1848 et
1583 1807 1722 1857 21‚34
1754 1807 1837 1848 bis:

317 1876 393 1917 ηιιΐ
423 1876 532 1918 unde
571 1877 860 1933 intellegimus
894 1892 1025 1932 quare
1058 1877 1102 1919 II
1137 1879 1202 1932 11,
1227 1878 1279 1919 16
1318 1892 1395 1933 pro
1434 1891 1511 1930 quo
1542 1878 1658 1920 modo
1688 1884 1734 1919 M
1765 1878 1837 1919 ha-

317 1947 457 1989 buerit
499 1950 672 2002 qnando.
733 1948 937 1991 Similiter
973 1948 1035 1991 IV
1061 1949 1131 2003 49,
1153 1950 1208 1991 62
1245 1963 1322 2003 pro
1366 1949 1563 2003 quadam,
1608 1949 1650 1989 Π
1681 1950 1750 2003 28,
1782 1950 1838 1991 45

315 2033 392 2073 pro
424 2018 642 2074 habendus,
675 2020 718 2061 Π
748 2021 813 2075 13,
833 2021 891 2062 20
916 2035 994 2076 pro
1027 2021 1150 2063 (nanis
1181 2020 1334 2062 habuit
1361 2019 1591 2061 secundum
1623 2019 1682 2062 H:
1715 2021 1838 2076 quad,

316 2090 503 2145 habend,
541 2096 613 2134 an:
653 2091 717 2134 IV
750 2093 824 2147 44,
845 2092 901 2134 56
936 2092 1166 2134 secundum
1200 2091 1282 2133 PH
1318 2091 1528 2134 exoa-ozano
1567 2090 1683 2133 uei-b:
1725 2091 1837 2146 quod

315 2176 393 2203 nos
427 2177 510 2203 non
544 2163 851 2218 explicabimus
885 2163 1011 2205 sicuti
1031 2163 1196 2218 ‘reliqui
1229 2163 1348 2205 codd.
1375 2165 1416 2204 et
1449 2162 1568 2204 editt.
1603 2162 1837 2205 scribentes

315 2233 450 2274 uerbis
483 2235 556 2275 aut
585 2234 717 2289 uerbi,
756 2233 829 2275 sed
862 2235 1088 2277 uerborum.
1138 2234 1363 2277 Postremo
1401 2234 1699 2290 compendium
1732 2234 1837 2275 illud

316 2303 398 2345 Γιίιιῗ
436 2304 543 2347 falso
585 2298 882 2360 intellegentes
928 2306 1074 2347 librari
1120 2308 1357 2360 posueruut
1399 2319 1719 2360 nonnumquam
1765 2307 1838 2346 aut

317 2375 518 2417 indicium
551 2378 624 2417 aut
653 2376 849 2418 uidelicet.

434 2444 527 2488 Iam
560 2450 738 2502 apparet
771 2462 821 2488 ex
854 2446 1167 2490 difficilioribus
1201 2448 1407 2489 eiusmodi
1447 2447 1579 2501 notis,
1618 2461 1711 2488 cum
1750 2461 1835 2488 non

318 2520 432 2559 recte
459 2518 726 2560 soluerentur
752 2517 910 2560 multas
936 2521 1059 2560 natas
1087 2533 1177 2561 esse
1205 2519 1480 2574 corruptelas.
1518 2517 1665 2560 Veluti
1689 2519 1837 2559 notam

314 2594 391 2643 qr&
420 2589 445 2630 i.
477 2603 510 2630 e.
545 2591 702 2643 yraecz's
733 2589 794 2631 IV
821 2590 896 2644 32,
915 2590 972 2632 43
1011 2593 1123 2632 recte
1163 2591 1383 2632 soluerunt
1422 2589 1587 2631 librarii
1627 2603 1722 2631 saec
1759 2588 1836 2630 IX:

320 2663 364 2702 at
395 2660 543 2714 44,57
577 2661 650 2702 ubi
681 2668 727 2703 M
758 2661 912 2703 habuit
943 2661 1025 2716 gfff}
1060 2676 1221 2717 nomen,
1257 2661 1300 2703 H
1338 2661 1468 2702 habet
1498 2667 1708 2715 premone,
1745 2659 1771 2700 i.
1804 2674 1836 2701 e.

314 2732 476 2783 patriae
513 2745 674 2787 nomen,
714 2732 821 2773 nihil
859 2731 1130 2786 profecerunt
1168 2734 1212 2775 in
1245 2732 1553 2775 emendatione.
1615 2729 1836 2772 Vocabula

319 2806 411 2843 (inte
442 2807 484 2843 et
507 2806 671 2857 praeter
703 2803 861 2857 scripta
892 2803 1009 2844 fuere
1036 2810 1091 2845 an
1118 2807 1160 2845 et
1184 2809 1261 2858 pi:
1294 2805 1404 2846 unde
1436 2804 1596 2846 factum
1625 2804 1690 2843 est
1722 2803 1768 2842 ut
1791 2807 1837 2842 M

321 2888 397 2929 pro
424 2877 515 2915 ante
542 2876 584 2915 et
606 2877 771 2928 praeter
798 2874 1002 2916 scriberet
1028 2879 1150 2917 antea
1177 2878 1219 2917 et
1238 2879 1459 2931 praeterea,
1488 2873 1619 2916 ueluti
1645 2872 1664 2914 I
1693 2872 1760 2927 16,
1780 2872 1834 2913 26
