2003 3116
54 1153 97 1178 bo
118 1150 290 1183 particulis.

296 113 317 152 1
325 112 346 152 7
353 113 378 151 6
875 107 1245 140 PROLEGOMENA.

418 218 466 258 In
499 213 892 269 praepositionibus
923 214 994 254 abs
1027 213 1187 255 testibus
1218 213 1290 254 abs
1319 212 1618 264 quaestionibus
1643 213 1812 266 scripsi-

294 304 386 330 mus
419 302 512 329 cum
553 285 644 327 PH
674 284 718 326 II
746 285 829 338 6,9
870 284 995 326 sicuti
1034 284 1174 325 Plaut.
1208 282 1425 324 Menaech.
1447 282 1532 324 345
1570 281 1669 324 eabs
1708 281 1811 336 qua'

293 359 409 401 Pers.
439 357 521 399 159
556 356 664 397 dixit
688 355 788 397 ‘abs
815 356 1004 410 chorago
1032 355 1190 396 sumito
1201 353 1225 408 ⁵,
1253 353 1371 395 Trin.
1398 354 1481 395 947
1511 351 1617 394 Cato
1644 353 1694 393 de
1721 353 1813 407 agri

296 430 394 471 cult.
433 429 506 481 37,
533 429 561 468 4
611 426 751 468 Varro
796 441 876 467 rer.
920 428 1026 466 rust.
1071 425 1112 466 II
1139 425 1184 478 4,
1217 425 1271 466 14
1315 423 1412 478 ‘aps
1459 422 1604 477 terra',
1648 423 1813 464 Terent.

296 499 474 553 Adelph.
496 498 583 540 254
611 498 710 538 ‘abs
739 497 878 551 quiuis
906 494 1114 546 homine’,
1147 495 1238 536 Liu.
1259 496 1327 548 42,
1348 495 1415 545 66,
1436 495 1462 535 6
1495 493 1594 535 ‘abs
1615 492 1814 548 trepido’.

295 572 358 612 De
391 584 511 623 quom
544 584 674 623 supra
713 568 878 623 egimus
917 583 955 621 p.
986 568 1087 609 166:
1128 570 1313 608 uiroc-um
1351 581 1447 607 cum
1480 565 1505 605 b
1552 564 1816 605 restituimus

295 641 339 682 II
368 641 434 691 10,
456 642 510 682 15
544 640 615 681 ubi
647 647 691 681 M
724 639 877 680 habuit
907 651 1052 679 uerum
1084 651 1186 691 cum,
1219 637 1343 678 sicuti
1377 636 1514 676 Plaut.
1541 635 1710 677 Trucul.
1733 635 1815 676 153

296 713 458 768 legitur
489 712 698 753 utriscum.
765 710 816 751 In
855 708 1246 763 praepositionibus
1285 722 1304 749 6
1340 721 1389 748 ex
1428 721 1454 748 a
1485 707 1535 748 ab
1568 706 1817 747 adhibendis

298 786 456 825 certam
483 783 622 838 legem
656 782 908 835 scriptorem
942 782 1134 821 secutum
1166 793 1251 820 non
1284 793 1375 820 esse
1408 793 1501 819 611111
1536 792 1585 819 ex
1619 778 1678 818 eis
1711 791 1818 831 quae

299 870 426 908 supra
465 854 514 895 de
558 853 847 895 inconstantia
887 851 975 892 eius
1015 865 1098 904 qua
1137 851 1270 891 utitur
1306 849 1352 890 in
1392 849 1605 890 aduerbiis
1645 851 1688 889 et
1725 861 1819 901 pro·

298 926 543 967 nominibus
588 941 627 979 p.
662 925 757 965 171,
801 924 881 964 173
922 922 1102 963 disserui
1147 925 1237 962 tum
1289 918 1338 962 eri
1390 921 1507 962 codd.
1557 919 1818 961 testimoniis

300 996 500 1038 efficitur:
547 997 619 1038 sub
665 994 926 1050 praepositio
976 1007 1061 1034 non
1115 992 1330 1033 inuenitur
1376 991 1460 1032 nisi
1512 1005 1605 1032 cum
1646 990 1821 1032 subicere

300 1068 433 1109 uerbo
467 1067 724 1108 consociata.

425 1139 474 1180 In
507 1138 727 1193 particulis
757 1137 798 1177 id
824 1136 1019 1190 inprimis
1046 1150 1206 1177 nouum
1234 1134 1456 1176 didicimus
1490 1148 1583 1174 eum
1610 1146 1820 1187 nusquam

292 1210 538 1252 adhibuisse
572 1209 687 1250 haud
717 1208 991 1263 negationem
1026 1207 1196 1248 etiamsi
1224 1220 1529 1259 saepenumero
1557 1206 1691 1258 ponat
1716 1202 1822 1243 illud

300 1282 472 1323 schema
498 1281 620 1335 quale
648 1283 712 1321 est
731 1293 815 1321 uou
840 1280 993 1320 inscius
1023 1292 1107 1319 uon
1133 1278 1382 1330 inurbanus,
1414 1276 1526 1330 quod
1552 1275 1709 1316 idcirco
1737 1289 1822 1315 me-

301 1352 509 1394 morabile
544 1355 620 1402 est,
654 1351 755 1406 quia
787 1365 881 1392 cum
914 1364 967 1390 116
995 1348 1154 1390 Seneca
1181 1348 1350 1403 quidem
1378 1347 1524 1388 rhetor
1557 1346 1664 1387 illud
1697 1360 1821 1387 uoca-

300 1424 447 1465 bulum
490 1423 663 1464 omnino
707 1422 909 1463 admittat
955 1419 1084 1476 (conf.
1119 1419 1299 1474 Reisigii
1343 1418 1545 1472 syntaxim
1584 1418 1680 1459 edit.
1711 1416 1822 1459 1888

302 1511 339 1549 p.
365 1493 479 1550 188),
511 1509 685 1549 perraro
718 1492 866 1534 Celsus
900 1494 942 1532 et
975 1490 1280 1544 Quintilianus,
1312 1489 1598 1544 proscriptum
1625 1489 1667 1529 id
1693 1488 1823 1528 fuisse

303 1567 347 1607 in
378 1566 598 1606 rhetorum
632 1564 788 1606 scholis
815 1564 905 1604 iure
933 1562 1262 1617 suspicabimur.
1316 1560 1381 1602 Ne
1407 1574 1506 1602 ueue
1533 1559 1702 1615 quidem
1729 1573 1822 1613 par-

303 1637 435 1678 ticula
483 1651 662 1691 usquam
710 1635 928 1676 inuenitur
974 1635 1018 1675 in
1064 1633 1186 1674 libris
1233 1632 1285 1673 ad
1337 1631 1437 1672 Her.
1484 1633 1700 1685 usurpata.
1773 1629 1824 1670 In

306 1707 677 1749 coniunctionibus
709 1707 793 1747 uisi
823 1706 922 1759 quia
959 1704 1226 1746 restituimus
1260 1718 1311 1744 ex
1351 1702 1470 1744 codd.
1504 1702 1522 1742 I
1549 1702 1588 1755 9,
1610 1702 1682 1742 16:
1715 1700 1824 1741 conf.

306 1779 562 1833 interpretes
591 1778 641 1818 ad
671 1778 806 1818 Plaut.
827 1777 941 1818 Trin.
964 1777 1067 1817 938:
1093 1789 1140 1817 ex
1164 1789 1206 1816 60
1232 1776 1330 1827 quia
1354 1773 1396 1814 II
1423 1774 1491 1824 27,
1510 1773 1579 1814 44.
1622 1772 1826 1823 Quoniam

307 1864 402 1891 cum
441 1849 708 1890 coniunctiuo
748 1851 860 1889 recte
898 1847 1106 1888 traditum
1150 1846 1194 1886 in
1225 1852 1271 1887 Μ
1308 1844 1573 1886 restituimus
1611 1842 1653 1883 II
1683 1843 1748 1895 18,
1769 1842 1822 1882 27

307 1920 539 1970 ‘Quoniam
579 1921 683 1961 satis
723 1918 959 1961 ostendisse
1003 1916 1258 1970 uideamur³,
1301 1915 1365 1956 III
1401 1916 1472 1968 14,
1500 1914 1555 1956 25
1600 1913 1824 1967 ‘quoniam

307 1993 350 2034 id
383 2025 391 2033 .
424 2025 432 2033 .
466 2025 475 2033 .
507 1991 746 2033 faciendum
780 1989 864 2031 sit.9

427 2063 606 2103 Puerilis
654 2061 874 2115 scriptoris
920 2063 1035 2101 aetas
1086 2062 1128 2100 et
1170 2059 1304 2100 totius
1351 2057 1492 2112 operis
1544 2056 1736 2097 condicio
1782 2060 1825 2095 et

308 2138 462 2176 natura
502 2134 622 2175 nulla
665 2147 709 2174 re
749 2132 886 2186 magis
928 2132 976 2172 fit
1016 2130 1244 2186 perspicua
1291 2143 1418 2183 quam
1460 2127 1693 2168 enuntiatis
1741 2126 1827 2167 illis

308 2221 403 2247 cum
435 2206 505 2247 scd
541 2205 645 2246 satis
685 2203 921 2257 praefracte
962 2201 1265 2256 incipientibus
1307 2200 1449 2254 qualia
1487 2202 1529 2239 et
1567 2197 1712 2252 Nepos
1752 2212 1826 2238 suo

310 2277 427 2330 operi
454 2275 637 2316 inscruit
661 2274 931 2315 transitionis
960 2273 1054 2313 1060
1082 2270 1209 2313 XVII
1235 2272 1275 2324 4,
1295 2271 1321 2312 3
1360 2269 1505 2311 XXIII
1536 2269 1599 2321 13,
1620 2270 1648 2309 4
1687 2271 1729 2309 et
1760 2268 1829 2308 hic

309 2346 375 2387 III
402 2348 469 2399 22,
490 2347 543 2387 37
587 2344 690 2386 ‘Sed
729 2344 833 2385 illud
872 2343 1011 2385 facere
1051 2341 1289 2396 oportebit'
1333 2340 1395 2382 IV
1421 2341 1497 2393 48,
1519 2340 1570 2380 61
1618 2337 1681 2379 III
1710 2339 1752 2390 7,
1776 2338 1828 2378 13

312 2418 379 2470 19,
400 2418 455 2458 32
489 2417 603 2458 alibi.
670 2415 751 2458 Sed
774 2449 781 2456 .
803 2448 840 2456 ..
867 2418 1001 2456 tamen
1040 2428 1089 2454 ex
1128 2412 1244 2454 codd.
1283 2410 1546 2452 restituimus
1584 2408 1646 2450 IV
1680 2410 1754 2463 37,
1774 2408 1829 2449 49

312 2489 379 2543 53,
400 2489 453 2530 67
488 2488 581 2529 coll.
616 2486 700 2529 Cic.
728 2486 852 2540 epist.
879 2484 988 2526 XIII
1017 2486 1068 2526 71
1105 2483 1157 2525 ad
1191 2484 1279 2524 Att.
1305 2482 1326 2523 I
1351 2482 1416 2536 18,
1437 2483 1475 2523 2.

430 2558 479 2600 111
507 2558 739 2599 enuntiatis
767 2556 1090 2611 interrogatiuis
1118 2569 1213 2597 cum
1235 2553 1351 2595 codd.
1372 2567 1421 2594 116
1446 2553 1697 2606 particulam
1726 2551 1830 2592 omi-

314 2632 445 2672 simus
484 2630 501 2671 I
532 2630 603 2682 10,
626 2630 677 2670 17
720 2628 829 2669 ‘iure
868 2627 1015 2669 fecerit
1055 2629 1098 2667 et
1130 2625 1351 2667 licueritne
1389 2623 1568 2677 facere’,
1612 2621 1655 2662 II
1683 2621 1754 2674 15,
1774 2622 1830 2662 22

315 2702 468 2756 ‘aeque
502 2714 706 2754 magnum
740 2701 796 2740 sit
827 2698 931 2739 illud
957 2696 1200 2753 peccatum'
1228 2711 1261 2738 e.
1283 2711 1320 2750 q.
1342 2711 1372 2737 s.
1424 2693 1706 2734 Indicatiuum
1735 2706 1828 2732 cum

314 2778 359 2812 M
387 2773 478 2812 aliis
506 2775 654 2813 contra
681 2770 1058 2825 grammaticorum
1085 2769 1310 2822 praecepta
1338 2765 1602 2806 seruauimus
1628 2762 1670 2803 ΙΙ
1691 2763 1826 2814 24,37

316 2841 515 2882 eeandem
554 2842 693 2882 adfert
736 2841 962 2910 rationem,
1003 2853 1132 2893 quare
1170 2852 1295 2880 caeca
1328 2870 1336 2878 .
1368 2868 1378 2877 .
1411 2869 1419 2876 .
1452 2833 1639 2886 dicitur',
1680 2834 1753 2886 20,
1774 2834 1827 2874 31
