2003 3116
686 158 1053 191 PROLEGOMENA.
1551 156 1633 196 105

115 266 268 308 simum
303 265 564 307 declamasse
597 266 912 307 controuersias
945 266 1090 320 quales
1125 281 1149 307 a
1181 265 1309 306 rebus
1341 279 1426 306 non
1461 264 1522 306 ita
1552 264 1632 319 pri-

113 337 208 378 dem
248 337 382 392 gestis
422 336 627 378 deductae
665 338 803 378 erant:
845 351 981 392 neque
1021 336 1132 378 enim
1172 336 1452 378 conturbatur
1483 338 1634 376 nostra

113 408 427 463 argumentatio
466 423 517 450 ea
555 423 618 462 re,
658 407 771 462 quod
808 407 853 449 in
889 408 999 449 libro
1037 407 1100 449 IV
1131 407 1178 448 in
1215 407 1410 461 exemplo
1450 405 1633 460 quodam

113 480 225 534 quod
263 480 376 534 apud
418 479 613 520 rhetores
651 478 830 520 Latinos
867 478 1119 533 posterioris
1168 478 1373 532 temporis
1412 480 1633 532 tamquam

113 551 319 592 sollemne
358 550 516 591 mansit
556 550 597 590 in
634 564 713 590 usu
753 547 882 605 (conf.
915 548 964 590 de
996 548 1269 590 Moravskius
1302 548 1506 589 Zeitschr.
1538 548 1566 589 f.
1599 548 1634 589 d.

114 624 286 664 oesterr.
313 620 469 676 Gymn.
504 620 616 662 1893
649 635 688 674 p.
715 618 791 676 97)
830 619 1064 662 Alexandri
1102 620 1284 660 uirtutes
1324 619 1556 661 laudantur
1593 621 1636 660 et

114 691 320 734 Graeciae
357 691 505 746 populi
539 690 611 745 qui
649 690 940 745 principatum
973 692 1016 731 et
1054 690 1295 731 habuerunt
1327 693 1370 731 et
1401 690 1637 731 amiserunt

113 764 416 805 enumerantur
441 763 510 817 22,
530 763 598 803 31.
625 762 694 816 25,
715 762 782 803 34.
833 760 1235 803 Controuersiarum
1268 763 1411 802 autem
1443 764 1637 802 ueterum

115 836 370 890 argumenta
408 833 500 875 ‘aut
544 848 595 874 ex
639 833 939 874 historiis...
968 836 1042 874 aut
1079 847 1129 874 ex
1167 833 1351 874 ueritate
1391 835 1466 874 aut
1505 847 1554 874 ex
1594 848 1637 874 re

113 907 236 960 siqua
278 906 390 967 forte
428 919 574 947 recens
622 904 861 946 accidisset'
901 904 1015 945 trahi
1057 919 1148 945 esse
1188 904 1339 946 solitas
1383 906 1532 946 auctor
1575 907 1639 945 est

115 976 228 1018 Suet.
255 977 306 1018 de
338 976 445 1018 rhet.
475 978 511 1018 1.
563 976 704 1026 Quare
739 976 941 1030 quoniam
975 975 1027 1016 ad
1059 979 1229 1030 tempus
1262 976 1363 1016 libri
1396 976 1637 1017 accuratius

115 1047 397 1089 definiendum
431 1050 472 1088 et
498 1047 549 1088 ad
577 1047 666 1088 ludi
699 1047 813 1088 illius
843 1049 1042 1088 naturam
1076 1049 1118 1087 et
1150 1046 1335 1088 indolem
1370 1050 1482 1088 recte
1517 1046 1637 1087 intel-

115 1119 339 1175 legendam
379 1119 534 1161 summi
573 1119 660 1160 sint
696 1119 919 1173 momenti,
962 1133 1032 1160 eas
1072 1133 1179 1173 quae
1219 1132 1267 1159 ex
1309 1119 1435 1160 rebus
1475 1117 1636 1159 Romae

114 1190 250 1246 gestis
293 1193 459 1232 tractae
498 1193 598 1232 sunt
638 1193 808 1232 seruato
848 1190 1054 1244 temporis
1093 1190 1240 1231 ordine
1282 1190 1362 1231 hoc
1405 1189 1499 1230 loco
1543 1204 1638 1243 pro-

116 1277 273 1316 ponam
306 1262 530 1303 collectas:

237 1331 280 1388 1)
314 1333 552 1375 Accusatur
573 1331 713 1387 Scipio
734 1332 892 1374 Nasica
919 1333 1030 1387 quod
1060 1347 1135 1374 sua
1162 1347 1290 1373 manu
1318 1331 1380 1373 Ti.
1402 1331 1639 1373 Gracchum

117 1404 379 1446 interfecerit
415 1402 547 1459 (anno
582 1401 800 1459 621fl33).

233 1475 298 1516 Ex
325 1476 406 1517 hac
432 1475 726 1517 controuersia
752 1477 948 1529 superest
970 1475 1073 1516 illud
1094 1476 1385 1530 fragmentum
1412 1473 1474 1515 IV
1496 1474 1563 1528 55,
1585 1476 1638 1516 68

117 1538 228 1601 qudd
259 1546 464 1588 tractauit
495 1545 887 1587 HABochmannus
922 1546 970 1587 de
1005 1545 1202 1587 Cornifici
1223 1579 1232 1587 .
1254 1579 1261 1587 .
1283 1579 1291 1587 .
1313 1561 1456 1587 rerum
1489 1545 1641 1587 Roma-

117 1632 267 1659 narum
306 1618 488 1659 scientia
528 1617 790 1659 Zwiccauiae
831 1617 945 1659 1875
984 1633 1023 1672 p.
1051 1618 1106 1659 36
1124 1632 1237 1672 seqq.
1302 1616 1538 1659 Rhetorem
1577 1631 1642 1657 ex-

116 1689 322 1743 pressisse
351 1689 567 1744 exemplar
594 1688 801 1730 orationis
830 1688 1008 1730 alicuius
1042 1704 1170 1744 quam
1203 1691 1243 1729 et
1272 1686 1419 1730 Cicero
1446 1688 1642 1729 imitatur

117 1774 166 1801 ex
193 1760 470 1802 adnotatione
502 1763 651 1802 nostra
682 1761 843 1814 poterit
876 1760 1086 1815 intellegi:
1125 1775 1190 1801 res
1230 1762 1374 1815 gestas
1413 1759 1529 1813 ipsas
1570 1759 1641 1799 ille

118 1831 240 1872 finxit
284 1834 326 1873 et
367 1831 649 1873 commutauit
693 1831 974 1872 audacissime
1017 1835 1058 1872 et
1099 1830 1467 1886 impudentissime
1508 1844 1642 1884 neque

119 1902 226 1943 alius
265 1903 383 1944 locus
420 1903 560 1957 magis
599 1902 776 1944 idoneus
816 1902 868 1943 ad
902 1901 1281 1943 demonstrandum
1324 1904 1587 1956 quantopere
1620 1916 1643 1941 a

119 1973 364 2015 rhetoribus
405 1974 635 2016 obscurata
669 1973 725 2014 sit
756 1972 963 2014 historiae
997 1973 1168 2014 ueritas.
1230 1971 1380 2027 Neque
1413 1973 1524 2013 enim
1561 1972 1642 2026 Ap-

119 2045 270 2098 pianus
309 2045 348 2086 b.
381 2059 414 2086 c.
446 2045 467 2086 I
501 2045 554 2085 16
594 2058 730 2098 neque
769 2043 1028 2086 Plutarchus
1067 2043 1130 2085 Ti.
1158 2043 1334 2086 Gracch.
1371 2043 1423 2084 19
1467 2043 1644 2084 tradunt

120 2115 346 2169 quicquam
374 2116 424 2156 de
450 2115 612 2156 Tiberii
640 2115 766 2156 caede
794 2130 818 2156 a
844 2113 1005 2156 Nasica
1037 2117 1302 2169 perpetrata:
1335 2114 1408 2155 sed
1441 2114 1511 2154 ille
1537 2113 1643 2154 nihil

122 2185 298 2227 omnino
339 2185 389 2226 de
427 2185 700 2226 interfectore
741 2184 924 2226 Gracchi
970 2185 1199 2227 memoriae
1244 2185 1449 2240 prodidit,
1492 2184 1561 2225 hic
1600 2183 1643 2224 P.

121 2255 365 2298 Satureium
404 2258 446 2297 et
482 2256 528 2297 L.
561 2255 721 2297 Rufum
766 2256 964 2297 nominat
1005 2257 1118 2298 solos
1158 2257 1229 2311 qui
1269 2255 1509 2297 Gracchum
1550 2269 1643 2310 per-

119 2328 329 2369 cusserint
359 2342 494 2383 neque
528 2327 715 2368 dubitari
747 2329 891 2382 potest
924 2328 1009 2369 utri
1045 2328 1181 2369 maior
1214 2327 1317 2368 fides
1351 2327 1407 2368 sit
1438 2326 1645 2381 habenda,

119 2398 324 2441 historico
352 2413 406 2440 an
432 2398 605 2442 rhetori.
657 2399 834 2440 Accedit
860 2399 972 2453 quod
991 2397 1193 2440 Nasicam
1221 2413 1347 2454 quem
1372 2398 1487 2440 haud
1508 2399 1643 2439 multo

121 2472 221 2524 post
253 2468 436 2511 Gracchi
469 2473 653 2512 mortem
687 2472 860 2511 senatus
893 2471 938 2511 in
967 2471 1115 2512 Asiam
1149 2470 1316 2511 miserit
1346 2469 1539 2524 legatum
1573 2469 1644 2509 ubi

122 2540 230 2582 obiit
253 2554 379 2581 nemo
406 2541 548 2594 potuit
574 2556 790 2583 accusare:
821 2541 929 2583 conf.
952 2541 1063 2582 Plut.
1085 2542 1111 2583 l.
1133 2556 1163 2582 s.
1186 2542 1254 2595 21,
1281 2541 1353 2596 qui
1378 2540 1487 2581 nihil
1513 2539 1644 2580 tradit

122 2612 206 2653 nisi
232 2614 428 2652 senatum
456 2612 800 2654 accusationibus
829 2626 936 2666 quae
969 2612 1054 2666 ἤδη
1076 2644 1084 2652 .
1105 2644 1114 2652 .
1136 2646 1144 2654 .
1164 2617 1223 2670 τῷ
1252 2614 1428 2667 Νασικᾷ
1460 2626 1645 2664 προανε-

123 2683 294 2724 σείοντο
322 2683 398 2723 illa
418 2682 634 2738 legatione
656 2683 802 2724 oblata
822 2683 961 2723 uirum
982 2683 1141 2737 populo
1163 2682 1349 2723 inuisum
1371 2682 1645 2724 subtraxisse.

122 2752 204 2794 Sed
236 2757 429 2808 tempore
462 2753 651 2809 Augusti
682 2753 766 2794 ista
809 2753 1029 2795 rhetorum
1068 2756 1312 2795 commenta
1343 2754 1388 2794 in
1418 2753 1645 2795 historiam

123 2824 296 2866 inducta
340 2827 451 2866 sunt.
514 2824 595 2866 Illo
647 2825 812 2867 scilicet
855 2828 1048 2880 tempore
1093 2840 1175 2879 quo
1222 2825 1369 2866 rhetor
1413 2823 1644 2879 Dionysius

123 2895 519 2937 Halicarnassensis
540 2896 715 2937 nomina
736 2895 997 2938 familiarum
1016 2896 1275 2937 Albanarum
1299 2911 1403 2950 quas
1425 2900 1646 2937 enumerat
