2003 3116
681 185 1049 218 PROLEGOMENA.
1602 188 1629 228 5

111 306 291 347 quorum
336 292 486 334 modus
529 291 613 334 fuit
655 292 913 348 paginarum
955 294 1027 348 12,
1059 295 1133 345 20,
1168 294 1239 349 19,
1285 309 1379 336 cum
1424 296 1629 338 uolumen

109 364 243 405 totius
275 363 416 418 operis
449 366 651 418 quartum
682 364 918 406 contineret
949 365 1200 406 elocutionis
1232 368 1400 419 partem
1431 367 1629 422 primam,

111 434 306 489 quintum
338 434 568 477 uerborum
600 435 900 476 exornationes
934 437 977 476 et
1007 439 1168 491 tropos,
1201 439 1366 478 sextum
1399 439 1627 479 sententia-

109 520 206 547 rum
245 505 555 547 exornationes.
619 504 755 554 Quam
787 506 1055 547 uoluminum
1088 506 1342 548 diuisionem
1373 507 1446 549 ille
1479 509 1552 564 qui
1583 509 1628 550 in

109 576 297 618 codicem
335 576 557 618 uolumina
593 576 668 618 illa
706 575 764 617 VI
801 577 969 618 curauit
1005 578 1355 620 transscribenda
1392 594 1478 622 non
1512 583 1628 623 recte

107 648 414 703 interpretatus
457 661 535 701 pro
574 661 648 688 sex
688 647 978 689 uoluminibus
1017 648 1210 702 singulos
1252 649 1449 704 deinceps
1492 651 1627 694 libros

107 719 343 761 substituit.
406 718 556 773 Itaque
599 717 837 759 rhetoricae
881 718 934 760 ad
978 718 1244 760 Herennium
1290 721 1527 774 antiquitus
1564 722 1628 764 IV

106 792 228 831 erant
259 789 360 832 libri
391 791 567 844 propter
598 788 926 843 amplitudinem
954 790 998 831 in
1018 789 1081 831 VI
1107 790 1325 831 uolumina
1351 791 1476 833 diuisi
1502 793 1627 835 sicuti

104 860 380 902 Philodemus
418 860 576 902 librum
607 858 671 901 IV
703 859 753 901 de
790 860 1006 902 rhetorica
1043 861 1087 902 in
1127 860 1208 903 duo
1251 860 1472 903 distribuit
1509 865 1625 905 uolu—

104 931 222 973 mina
260 938 303 973 et
333 929 465 972 Plinii
502 930 678 971 maioris
710 932 820 972 teste
857 932 1021 973 minore
1054 932 1177 986 epist.
1211 931 1276 973 III
1303 932 1339 983 5,
1362 932 1388 973 5
1421 934 1627 976 extabant

101 1002 275 1045 studiosi
306 1004 385 1043 tres
417 1002 461 1043 in
492 1014 562 1043 sex
596 1001 811 1043 uolumina
841 1005 1008 1055 propter
1038 1003 1351 1056 amplitudinem
1382 1005 1509 1047 diuisi
1539 1007 1625 1059 qui-

101 1075 173 1116 bus
204 1076 404 1116 oratorem
435 1072 486 1114 ab
517 1073 778 1115 incunabulis
809 1073 988 1115 instituit
1017 1077 1054 1115 et
1075 1075 1249 1127 perficit.
1294 1073 1486 1130 Scriptor
1512 1076 1625 1117 deni-

100 1160 180 1200 que
215 1145 267 1186 ad
293 1143 392 1185 Her.
421 1146 463 1184 et
496 1143 654 1185 librum
679 1143 700 1185 I
727 1142 814 1199 (17,
836 1142 912 1199 27)
940 1147 982 1186 et
1007 1144 1048 1185 H
1077 1143 1166 1199 (31,
1186 1143 1262 1201 50)
1290 1148 1331 1186 et
1356 1144 1421 1186 III
1442 1144 1503 1202 (II
1528 1146 1623 1203 1,1)

101 1216 289 1272 appellat
318 1215 531 1257 uolumen:
564 1214 722 1256 librum
755 1214 815 1255 IV
848 1230 1059 1270 nusquam
1091 1216 1153 1257 ita
1187 1217 1387 1271 appellat.

217 1286 359 1329 Homo
397 1286 470 1327 ille
509 1286 702 1342 quisquis
740 1286 823 1327 fuit
855 1287 926 1341 qui
966 1287 1123 1328 librum
1163 1287 1332 1329 inuenit
1363 1288 1621 1331 rhetoricam
1644 1288 1907 1350 fflgtss'ssffi‘mgssss

102 1374 126 1400 a
145 1358 203 1400 M.
223 1358 364 1399 Tullio
387 1355 589 1398 Cicerone
623 1358 910 1412 conscriptam
938 1372 1029 1400 esse
1059 1358 1286 1401 credidisse
1312 1359 1527 1413 putandus
1561 1360 1909 1422 eSb¹³¹3f1³dicss¹l¹1¹ssssffi⁰r

101 1431 190 1472 siue
233 1430 270 1471 is
315 1427 533 1471 Ciceronis
583 1428 810 1470 rhetoricis
860 1429 983 1470 libris
1035 1430 1292 1484 comparatis
1341 1430 1622 1472 demonstrari

99 1516 226 1556 posse
254 1499 547 1542 arbitrabatur
573 1498 628 1540 M.
650 1499 841 1540 Tullium
873 1499 1005 1541 fuisse
1038 1503 1255 1542 auctorem
1289 1501 1378 1543 siue
1406 1501 1621 1544 Herennio

99 1571 265 1614 cuidam
303 1571 430 1612 fidem
469 1570 657 1611 habebat
694 1570 888 1612 narranti
927 1572 1133 1614 memoria
1177 1573 1385 1614 maiorum
1427 1574 1621 1628 eloquen-

97 1643 312 1685 tissimum
351 1641 645 1684 Romanorum
687 1655 850 1695 proauo
896 1656 972 1683 suo
1016 1642 1172 1684 librum
1218 1643 1452 1686 dedicasse:
1497 1660 1620 1700 qucm

99 1715 258 1756 librum
295 1727 382 1756 non
420 1712 483 1754 ita
514 1713 804 1768 conscriptum
844 1714 978 1756 fuisse
1011 1714 1064 1756 ab
1099 1716 1271 1756 auctore
1309 1718 1357 1757 ut
1388 1715 1434 1756 in
1467 1716 1619 1758 multo-

95 1801 189 1827 rum
235 1799 385 1827 manus
429 1785 675 1840 perueniret
719 1784 792 1826 sed
838 1783 881 1827 C.
912 1784 1132 1827 Herennio
1178 1786 1290 1828 dono
1336 1787 1528 1829 oblatum
1573 1791 1621 1829 ut

95 1858 209 1899 intra
235 1856 495 1898 domesticos
529 1856 715 1910 parietes
743 1871 834 1898 sese
861 1857 1099 1899 contineret
1126 1861 1277 1912 postea.
1304 1858 1408 1900 satis
1437 1858 1620 1900 dilucide

95 1926 472 1969 demonstrabitur.
534 1926 686 1981 Itaque
733 1942 820 1969 non
865 1931 931 1969 est
975 1942 1049 1969 cur
1096 1943 1345 1971 censeamus
1397 1930 1618 1971 falsarium

92 2000 213 2041 illum
240 1999 369 2040 fuisse
397 2000 471 2040 aut
497 1998 802 2054 fraudatorem,
828 2000 903 2055 qui
930 2002 1094 2056 remoto
1122 2000 1213 2042 ueri
1240 2001 1426 2043 auctoris
1446 2001 1618 2042 nomine

92 2070 274 2112 indicem
312 2069 413 2111 libri
453 2068 672 2112 Ciceronis
711 2070 885 2112 nomine
929 2071 1214 2113 illustrauerit
1252 2072 1349 2114 dolo
1389 2072 1504 2114 malo
1547 2073 1618 2114 sed

94 2142 156 2183 nil
187 2141 455 2196 probabilius
483 2155 611 2195 quam
643 2140 802 2182 librum
834 2141 956 2183 illum
984 2143 1223 2197 antiquitus
1255 2144 1382 2186 titulo
1410 2144 1617 2186 caruisse:

94 2213 166 2267 qui
208 2213 254 2253 in
296 2211 594 2253 membranula
637 2212 767 2253 rubra
811 2213 952 2267 pictus
999 2227 1127 2268 quam
1171 2214 1298 2256 facile
1343 2215 1557 2257 abscissus
1595 2231 1619 2256 a

94 2282 312 2324 uolumine
356 2283 493 2336 perire
544 2282 733 2337 potuerit
777 2297 827 2324 ex
871 2282 1009 2338 Paqui
1052 2283 1224 2326 Proculi
1275 2285 1389 2327 docti
1440 2286 1617 2341 pistoris

93 2354 210 2409 picta
241 2354 431 2408 imagine
466 2353 666 2395 Giornale
699 2353 815 2408 degli
847 2354 962 2396 scavi
995 2354 1036 2396 di
1063 2355 1242 2410 Pompei
1270 2356 1289 2397 I
1320 2357 1430 2399 1869
1463 2357 1550 2399 tab.
1573 2357 1617 2400 II

93 2440 132 2479 p.
160 2426 215 2467 63
249 2424 354 2466 satis
393 2427 583 2480 apparet.
641 2424 889 2468 Ciceronem
930 2429 1148 2469 auctorem
1189 2442 1281 2469 esse
1320 2432 1395 2470 aut
1431 2429 1505 2470 ille
1545 2433 1618 2471 aut

91 2496 157 2537 illi
190 2510 295 2551 quos
329 2498 499 2538 secutus
533 2499 597 2537 est
629 2497 776 2538 eadem
809 2500 922 2540 certe
961 2499 1126 2540 ratione
1169 2500 1352 2553 probare
1383 2503 1617 2555 potuerunt

94 2582 177 2622 qua
209 2567 292 2608 uiri
324 2566 436 2608 docti
468 2568 592 2609 initio
625 2569 764 2609 nostri
797 2569 892 2610 aeui
918 2570 985 2611 usi
1011 2573 1113 2612 sunt
1139 2570 1212 2625 qui
1240 2571 1446 2613 acerrimo
1475 2572 1615 2614 studio

91 2639 205 2680 idem
238 2638 432 2680 euincere
465 2629 741 2681 conabantur.
792 2639 1005 2683 Videlicet
1038 2642 1221 2696 scriptor
1253 2643 1305 2684 ad
1337 2642 1438 2685 Her.
1458 2642 1480 2684 I
1500 2644 1538 2695 9,
1561 2644 1614 2685 16

90 2710 224 2751 tradit
256 2723 348 2750 sese
379 2709 568 2764 primum
599 2710 934 2753 insinuationem
972 2712 1018 2753 in
1054 2713 1139 2754 tria
1170 2715 1365 2768 tempora
1397 2713 1613 2755 diuisisse:

92 2795 221 2836 quam
254 2780 508 2822 diuisionem
541 2795 635 2822 cum
670 2781 873 2823 adhibeat
899 2781 1047 2824 Cicero
1082 2783 1132 2825 de
1164 2783 1247 2826 inu.
1276 2784 1296 2825 I
1325 2785 1391 2839 17,
1412 2785 1480 2839 23,
1513 2785 1613 2840 quid

91 2851 230 2907 magis
269 2854 431 2893 certum
471 2851 696 2893 uidebatur
733 2867 862 2907 quam
901 2854 1154 2908 scriptorem
1193 2856 1323 2897 tacite
1362 2870 1438 2897 suo
1477 2856 1611 2910 ipsius

91 2923 156 2964 uti
177 2922 381 2964 inuento?
417 2923 657 2965 Accedebat
689 2924 798 2965 mira
825 2924 1030 2979 quaedam
1059 2940 1166 2980 quae
1193 2927 1438 2969 etiamnunc
1465 2942 1610 2970 omnes
