<?xml version="1.0" encoding="UTF-8"?>
<!DOCTYPE html PUBLIC "-//W3C//DTD XHTML 1.0 Transitional//EN"
    "http://www.w3.org/TR/xhtml1/DTD/xhtml1-transitional.dtd">
<html xmlns="http://www.w3.org/1999/xhtml" xml:lang="en" lang="en">
 <head>
  <title>
</title>
<meta http-equiv="Content-Type" content="text/html;charset=utf-8" />
  <meta name='ocr-system' content='tesseract 3.04.00' />
  <meta name='ocr-capabilities' content='ocr_page ocr_carea ocr_par ocr_line ocrx_word'/>
</head>
<body>
  <div class='ocr_page' id='page_1' title='image "./incertiauctorisd00marxuoft_0162.png"; bbox 0 0 2003 3116; ppageno 0'>
   <div class='ocr_carea' id='block_1_1' title="bbox 346 115 1287 155">
    <p class='ocr_par' dir='ltr' id='par_1_1' title="bbox 346 115 1287 155">
     <span class='ocr_line' id='line_1_1' title="bbox 346 115 1287 155; baseline 0.001 -8"><span class='ocrx_word' id='word_1_1' title='bbox 346 115 427 155; x_wconf 73' lang='lat'>142</span> <span class='ocrx_word' id='word_1_2' title='bbox 918 116 1287 149; x_wconf 81' lang='lat' dir='ltr'><strong>PROLEGOMENA.</strong></span> 
     </span>
    </p>
   </div>
   <div class='ocr_carea' id='block_1_2' title="bbox 332 220 1864 2914">
    <p class='ocr_par' dir='ltr' id='par_1_2' title="bbox 332 220 1864 2914">
     <span class='ocr_line' id='line_1_2' title="bbox 342 220 1859 277; baseline 0.001 -13"><span class='ocrx_word' id='word_1_3' title='bbox 342 223 423 264; x_wconf 78' lang='lat' dir='ltr'>tati</span> <span class='ocrx_word' id='word_1_4' title='bbox 449 222 614 263; x_wconf 85' lang='lat' dir='ltr'>infestis</span> <span class='ocrx_word' id='word_1_5' title='bbox 642 224 684 262; x_wconf 92' lang='lat' dir='ltr'>et</span> <span class='ocrx_word' id='word_1_6' title='bbox 711 222 881 262; x_wconf 75' lang='lat' dir='ltr'><strong>stetisse</strong></span> <span class='ocrx_word' id='word_1_7' title='bbox 910 236 1005 262; x_wconf 90' lang='lat' dir='ltr'>eum</span> <span class='ocrx_word' id='word_1_8' title='bbox 1032 224 1182 263; x_wconf 88' lang='lat' dir='ltr'>contra</span> <span class='ocrx_word' id='word_1_9' title='bbox 1208 222 1265 262; x_wconf 90' lang='lat' dir='ltr'>M.</span> <span class='ocrx_word' id='word_1_10' title='bbox 1292 220 1550 277; x_wconf 80' lang='lat' dir='ltr'>Ciceronem,</span> <span class='ocrx_word' id='word_1_11' title='bbox 1577 223 1694 265; x_wconf 89' lang='lat' dir='ltr'>cuius</span> <span class='ocrx_word' id='word_1_12' title='bbox 1722 224 1859 265; x_wconf 88' lang='lat' dir='ltr'>oratio</span> 
     </span>
     <span class='ocr_line' id='line_1_3' title="bbox 341 289 1860 346; baseline 0.001 -12"><span class='ocrx_word' id='word_1_13' title='bbox 341 293 491 334; x_wconf 88' lang='lat' dir='ltr'>habita</span> <span class='ocrx_word' id='word_1_14' title='bbox 531 292 607 333; x_wconf 92' lang='lat' dir='ltr'>illo</span> <span class='ocrx_word' id='word_1_15' title='bbox 648 306 759 333; x_wconf 88' lang='grc'>311110</span> <span class='ocrx_word' id='word_1_16' title='bbox 797 307 873 346; x_wconf 87' lang='lat' dir='ltr'>pro</span> <span class='ocrx_word' id='word_1_17' title='bbox 912 290 968 332; x_wconf 90' lang='lat' dir='ltr'>M.</span> <span class='ocrx_word' id='word_1_18' title='bbox 1003 289 1150 334; x_wconf 88' lang='lat' dir='ltr'>Caelio</span> <span class='ocrx_word' id='word_1_19' title='bbox 1195 292 1441 334; x_wconf 77' lang='lat' dir='ltr'>etiamnunc</span> <span class='ocrx_word' id='word_1_20' title='bbox 1485 295 1636 335; x_wconf 87' lang='lat' dir='ltr'>exstat.</span> <span class='ocrx_word' id='word_1_21' title='bbox 1697 293 1860 336; x_wconf 86' lang='lat' dir='ltr'>Eodem</span> 
     </span>
     <span class='ocr_line' id='line_1_4' title="bbox 341 361 1861 420; baseline 0.001 -15"><span class='ocrx_word' id='word_1_22' title='bbox 341 378 441 405; x_wconf 86' lang='lat' dir='ltr'>uero</span> <span class='ocrx_word' id='word_1_23' title='bbox 469 365 661 417; x_wconf 89' lang='lat' dir='ltr'>tempore</span> <span class='ocrx_word' id='word_1_24' title='bbox 689 378 800 405; x_wconf 88' lang='lat' dir='ltr'>anno</span> <span class='ocrx_word' id='word_1_25' title='bbox 822 361 979 418; x_wconf 74' lang='lat' dir='ltr'><em>699s55</em></span> <span class='ocrx_word' id='word_1_26' title='bbox 1000 361 1148 404; x_wconf 88' lang='lat' dir='ltr'>Cicero</span> <span class='ocrx_word' id='word_1_27' title='bbox 1175 363 1308 404; x_wconf 91' lang='lat' dir='ltr'>libros</span> <span class='ocrx_word' id='word_1_28' title='bbox 1336 362 1385 404; x_wconf 89' lang='lat' dir='ltr'>de</span> <span class='ocrx_word' id='word_1_29' title='bbox 1412 365 1583 405; x_wconf 89' lang='lat' dir='ltr'>oratore</span> <span class='ocrx_word' id='word_1_30' title='bbox 1609 366 1861 420; x_wconf 70' lang='lat' dir='ltr'><strong>composuit,</strong></span> 
     </span>
     <span class='ocr_line' id='line_1_5' title="bbox 340 433 1861 489; baseline 0.002 -14"><span class='ocrx_word' id='word_1_31' title='bbox 340 435 381 475; x_wconf 87' lang='lat' dir='ltr'>in</span> <span class='ocrx_word' id='word_1_32' title='bbox 408 434 562 489; x_wconf 89' lang='lat' dir='ltr'>quibus</span> <span class='ocrx_word' id='word_1_33' title='bbox 590 434 884 476; x_wconf 87' lang='lat' dir='ltr'>testimonium</span> <span class='ocrx_word' id='word_1_34' title='bbox 910 434 1015 475; x_wconf 91' lang='lat' dir='ltr'>illud</span> <span class='ocrx_word' id='word_1_35' title='bbox 1044 433 1093 475; x_wconf 88' lang='lat' dir='ltr'>de</span> <span class='ocrx_word' id='word_1_36' title='bbox 1120 433 1287 475; x_wconf 89' lang='lat' dir='ltr'>Latinis</span> <span class='ocrx_word' id='word_1_37' title='bbox 1309 433 1552 476; x_wconf 89' lang='lat' dir='ltr'>rhetoribus</span> <span class='ocrx_word' id='word_1_38' title='bbox 1581 437 1723 477; x_wconf 84' lang='lat' dir='ltr'>exstat</span> <span class='ocrx_word' id='word_1_39' title='bbox 1747 436 1861 479; x_wconf 87' lang='lat' dir='ltr'>lucu-</span> 
     </span>
     <span class='ocr_line' id='line_1_6' title="bbox 339 503 1857 561; baseline 0.003 -16"><span class='ocrx_word' id='word_1_40' title='bbox 339 505 514 546; x_wconf 87' lang='lat' dir='ltr'>lentum.</span> <span class='ocrx_word' id='word_1_41' title='bbox 577 505 658 554; x_wconf 81' lang='lat' dir='ltr'>Qui</span> <span class='ocrx_word' id='word_1_42' title='bbox 689 504 754 547; x_wconf 85' lang='lat' dir='ltr'>III</span> <span class='ocrx_word' id='word_1_43' title='bbox 786 505 860 560; x_wconf 80' lang='lat'>24,</span> <span class='ocrx_word' id='word_1_44' title='bbox 887 505 942 547; x_wconf 79' lang='lat'>93</span> <span class='ocrx_word' id='word_1_45' title='bbox 978 504 1023 546; x_wconf 90' lang='lat' dir='ltr'>L.</span> <span class='ocrx_word' id='word_1_46' title='bbox 1057 503 1260 547; x_wconf 84' lang='lat' dir='ltr'><strong>Crassum</strong></span> <span class='ocrx_word' id='word_1_47' title='bbox 1299 508 1513 547; x_wconf 88' lang='lat' dir='ltr'>oratorem</span> <span class='ocrx_word' id='word_1_48' title='bbox 1553 521 1664 548; x_wconf 88' lang='lat' dir='ltr'>anno</span> <span class='ocrx_word' id='word_1_49' title='bbox 1704 507 1857 561; x_wconf 74' lang='lat' dir='ltr'>663s91</span> 
     </span>
     <span class='ocr_line' id='line_1_7' title="bbox 339 575 1861 633; baseline 0.003 -17"><span class='ocrx_word' id='word_1_50' title='bbox 339 578 517 617; x_wconf 86' lang='lat' dir='ltr'>exeunte</span> <span class='ocrx_word' id='word_1_51' title='bbox 556 576 661 618; x_wconf 87' lang='lat' dir='ltr'>haec</span> <span class='ocrx_word' id='word_1_52' title='bbox 699 576 803 618; x_wconf 86' lang='lat' dir='ltr'>facit</span> <span class='ocrx_word' id='word_1_53' title='bbox 844 576 1172 620; x_wconf 72' lang='lat' dir='ltr'>declamantem:</span> <span class='ocrx_word' id='word_1_54' title='bbox 1219 575 1399 618; x_wconf 69' lang='lat' dir='ltr'>‘Rerum</span> <span class='ocrx_word' id='word_1_55' title='bbox 1440 579 1506 619; x_wconf 92' lang='lat' dir='ltr'>est</span> <span class='ocrx_word' id='word_1_56' title='bbox 1543 577 1653 619; x_wconf 91' lang='lat' dir='ltr'>silua</span> <span class='ocrx_word' id='word_1_57' title='bbox 1693 592 1861 633; x_wconf 84' lang='lat' dir='ltr'>magna,</span> 
     </span>
     <span class='ocr_line' id='line_1_8' title="bbox 338 646 1862 704; baseline 0.001 -15"><span class='ocrx_word' id='word_1_58' title='bbox 338 662 467 701; x_wconf 87' lang='lat' dir='ltr'>quam</span> <span class='ocrx_word' id='word_1_59' title='bbox 505 662 600 689; x_wconf 90' lang='lat' dir='ltr'>cum</span> <span class='ocrx_word' id='word_1_60' title='bbox 634 646 786 689; x_wconf 82' lang='lat' dir='ltr'>Graeci</span> <span class='ocrx_word' id='word_1_61' title='bbox 825 648 909 688; x_wconf 85' lang='lat' dir='ltr'>iam</span> <span class='ocrx_word' id='word_1_62' title='bbox 948 662 1034 689; x_wconf 91' lang='lat' dir='ltr'>non</span> <span class='ocrx_word' id='word_1_63' title='bbox 1075 649 1269 689; x_wconf 88' lang='lat' dir='ltr'>tenerent</span> <span class='ocrx_word' id='word_1_64' title='bbox 1302 648 1356 689; x_wconf 93' lang='lat' dir='ltr'>ob</span> <span class='ocrx_word' id='word_1_65' title='bbox 1389 662 1566 704; x_wconf 90' lang='lat' dir='ltr'>eamque</span> <span class='ocrx_word' id='word_1_66' title='bbox 1598 663 1767 691; x_wconf 88' lang='lat' dir='ltr'>causam</span> <span class='ocrx_word' id='word_1_67' title='bbox 1801 649 1862 690; x_wconf 91' lang='lat' dir='ltr'>iu-</span> 
     </span>
     <span class='ocr_line' id='line_1_9' title="bbox 338 719 1859 774; baseline 0.002 -15"><span class='ocrx_word' id='word_1_68' title='bbox 338 721 493 761; x_wconf 89' lang='lat' dir='ltr'>uentus</span> <span class='ocrx_word' id='word_1_69' title='bbox 525 722 674 761; x_wconf 87' lang='lat' dir='ltr'>nostra</span> <span class='ocrx_word' id='word_1_70' title='bbox 707 719 942 761; x_wconf 71' lang='lat' dir='ltr'>dedisceret</span> <span class='ocrx_word' id='word_1_71' title='bbox 973 733 1107 774; x_wconf 88' lang='lat' dir='ltr'>paene</span> <span class='ocrx_word' id='word_1_72' title='bbox 1140 719 1358 774; x_wconf 79' lang='lat' dir='ltr'>discendo,</span> <span class='ocrx_word' id='word_1_73' title='bbox 1391 719 1522 761; x_wconf 90' lang='lat' dir='ltr'>etiam</span> <span class='ocrx_word' id='word_1_74' title='bbox 1553 719 1695 761; x_wconf 88' lang='lat' dir='ltr'>Latini</span> <span class='ocrx_word' id='word_1_75' title='bbox 1727 721 1762 762; x_wconf 91' lang='lat' dir='ltr'>si</span> <span class='ocrx_word' id='word_1_76' title='bbox 1796 721 1859 762; x_wconf 90' lang='lat' dir='ltr'>dis</span> 
     </span>
     <span class='ocr_line' id='line_1_10' title="bbox 337 790 1859 854; baseline 0.002 -23"><span class='ocrx_word' id='word_1_77' title='bbox 337 790 479 844; x_wconf 88' lang='lat' dir='ltr'>placet</span> <span class='ocrx_word' id='word_1_78' title='bbox 522 791 602 833; x_wconf 91' lang='lat' dir='ltr'>hoc</span> <span class='ocrx_word' id='word_1_79' title='bbox 646 791 820 833; x_wconf 89' lang='lat' dir='ltr'>biennio</span> <span class='ocrx_word' id='word_1_80' title='bbox 866 791 1064 846; x_wconf 73' lang='lat' dir='ltr'>magistri</span> <span class='ocrx_word' id='word_1_81' title='bbox 1109 790 1275 833; x_wconf 89' lang='lat' dir='ltr'>dicendi</span> <span class='ocrx_word' id='word_1_82' title='bbox 1319 791 1592 832; x_wconf 82' lang='lat' dir='ltr'>exstiterunt:</span> <span class='ocrx_word' id='word_1_83' title='bbox 1637 806 1742 854; x_wconf 61' lang='lat' dir='ltr'>quos</span> <span class='ocrx_word' id='word_1_84' title='bbox 1781 806 1859 848; x_wconf 92' lang='lat' dir='ltr'>ego</span> 
     </span>
     <span class='ocr_line' id='line_1_11' title="bbox 338 861 1860 918; baseline 0.001 -15"><span class='ocrx_word' id='word_1_85' title='bbox 338 876 489 903; x_wconf 88' lang='lat' dir='ltr'>censor</span> <span class='ocrx_word' id='word_1_86' title='bbox 521 861 659 905; x_wconf 85' lang='lat' dir='ltr'>edicto</span> <span class='ocrx_word' id='word_1_87' title='bbox 693 877 786 904; x_wconf 88' lang='lat' dir='ltr'>meo</span> <span class='ocrx_word' id='word_1_88' title='bbox 822 862 1080 904; x_wconf 72' lang='lat' dir='ltr'>sustuleram</span> <span class='ocrx_word' id='word_1_89' title='bbox 1113 877 1200 904; x_wconf 90' lang='lat' dir='ltr'>non</span> <span class='ocrx_word' id='word_1_90' title='bbox 1232 877 1315 917; x_wconf 89' lang='lat' dir='ltr'>quo</span> <span class='ocrx_word' id='word_1_91' title='bbox 1342 864 1390 903; x_wconf 92' lang='lat' dir='ltr'>ut</span> <span class='ocrx_word' id='word_1_92' title='bbox 1418 862 1562 904; x_wconf 89' lang='lat' dir='ltr'>nescio</span> <span class='ocrx_word' id='word_1_93' title='bbox 1590 877 1696 918; x_wconf 89' lang='lat' dir='ltr'>quos</span> <span class='ocrx_word' id='word_1_94' title='bbox 1723 863 1860 905; x_wconf 84' lang='lat' dir='ltr'>dicere</span> 
     </span>
     <span class='ocr_line' id='line_1_12' title="bbox 339 933 1862 990; baseline 0.001 -16"><span class='ocrx_word' id='word_1_95' title='bbox 339 933 512 975; x_wconf 81' lang='lat' dir='ltr'>aiebant</span> <span class='ocrx_word' id='word_1_96' title='bbox 538 934 633 976; x_wconf 90' lang='lat' dir='ltr'>acui</span> <span class='ocrx_word' id='word_1_97' title='bbox 659 934 832 990; x_wconf 89' lang='lat' dir='ltr'>ingenia</span> <span class='ocrx_word' id='word_1_98' title='bbox 859 934 1197 976; x_wconf 90' lang='lat' dir='ltr'>adulescentium</span> <span class='ocrx_word' id='word_1_99' title='bbox 1223 934 1390 988; x_wconf 80' lang='lat' dir='ltr'>nollem,</span> <span class='ocrx_word' id='word_1_100' title='bbox 1418 934 1492 975; x_wconf 89' lang='lat' dir='ltr'>sed</span> <span class='ocrx_word' id='word_1_101' title='bbox 1519 937 1666 976; x_wconf 87' lang='lat' dir='ltr'>contra</span> <span class='ocrx_word' id='word_1_102' title='bbox 1689 935 1862 990; x_wconf 89' lang='lat' dir='ltr'>ingenia</span> 
     </span>
     <span class='ocr_line' id='line_1_13' title="bbox 338 1004 1860 1061; baseline 0.001 -15"><span class='ocrx_word' id='word_1_103' title='bbox 338 1005 517 1046; x_wconf 90' lang='lat' dir='ltr'>obtundi</span> <span class='ocrx_word' id='word_1_104' title='bbox 548 1006 680 1060; x_wconf 85' lang='lat' dir='ltr'>nolui,</span> <span class='ocrx_word' id='word_1_105' title='bbox 713 1006 981 1048; x_wconf 85' lang='lat' dir='ltr'>corroborari</span> <span class='ocrx_word' id='word_1_106' title='bbox 1013 1005 1334 1061; x_wconf 89' lang='lat' dir='ltr'>impudentiam.</span> <span class='ocrx_word' id='word_1_107' title='bbox 1385 1004 1497 1047; x_wconf 89' lang='lat' dir='ltr'>Nam</span> <span class='ocrx_word' id='word_1_108' title='bbox 1531 1006 1641 1061; x_wconf 85' lang='lat' dir='ltr'>apud</span> <span class='ocrx_word' id='word_1_109' title='bbox 1674 1005 1860 1048; x_wconf 84' lang='lat' dir='ltr'>Graecos</span> 
     </span>
     <span class='ocr_line' id='line_1_14' title="bbox 338 1075 1864 1132; baseline 0.001 -14"><span class='ocrx_word' id='word_1_110' title='bbox 338 1075 594 1119; x_wconf 87' lang='lat' dir='ltr'>cuicuimodi</span> <span class='ocrx_word' id='word_1_111' title='bbox 628 1080 770 1119; x_wconf 87' lang='lat' dir='ltr'>essent</span> <span class='ocrx_word' id='word_1_112' title='bbox 799 1076 1002 1119; x_wconf 90' lang='lat' dir='ltr'>uidebam</span> <span class='ocrx_word' id='word_1_113' title='bbox 1034 1079 1182 1119; x_wconf 84' lang='lat' dir='ltr'>tamen</span> <span class='ocrx_word' id='word_1_114' title='bbox 1214 1091 1305 1119; x_wconf 86' lang='lat' dir='ltr'>esse</span> <span class='ocrx_word' id='word_1_115' title='bbox 1331 1078 1502 1132; x_wconf 89' lang='lat' dir='ltr'>praeter</span> <span class='ocrx_word' id='word_1_116' title='bbox 1528 1077 1638 1119; x_wconf 89' lang='grc'>113110</span> <span class='ocrx_word' id='word_1_117' title='bbox 1665 1078 1864 1120; x_wconf 81' lang='lat' dir='ltr'>exercita-</span> 
     </span>
     <span class='ocr_line' id='line_1_15' title="bbox 336 1143 1862 1205; baseline 0.001 -16"><span class='ocrx_word' id='word_1_118' title='bbox 336 1148 497 1190; x_wconf 88' lang='lat' dir='ltr'>tionem</span> <span class='ocrx_word' id='word_1_119' title='bbox 536 1149 707 1204; x_wconf 83' lang='lat' dir='ltr'>linguae</span> <span class='ocrx_word' id='word_1_120' title='bbox 747 1148 987 1190; x_wconf 85' lang='lat' dir='ltr'>doctrinam</span> <span class='ocrx_word' id='word_1_121' title='bbox 1027 1143 1215 1203; x_wconf 83' lang='lat' dir='ltr'>aliquam</span> <span class='ocrx_word' id='word_1_122' title='bbox 1256 1150 1298 1189; x_wconf 92' lang='lat' dir='ltr'>et</span> <span class='ocrx_word' id='word_1_123' title='bbox 1334 1148 1649 1191; x_wconf 83' lang='lat' dir='ltr'>humanitatem</span> <span class='ocrx_word' id='word_1_124' title='bbox 1688 1150 1862 1205; x_wconf 83' lang='lat' dir='ltr'>dignam</span> 
     </span>
     <span class='ocr_line' id='line_1_16' title="bbox 339 1218 1860 1276; baseline 0.001 -15"><span class='ocrx_word' id='word_1_125' title='bbox 339 1220 539 1276; x_wconf 82' lang='lat' dir='ltr'>scientia3</span> <span class='ocrx_word' id='word_1_126' title='bbox 576 1221 656 1263; x_wconf 91' lang='lat' dir='ltr'>hos</span> <span class='ocrx_word' id='word_1_127' title='bbox 689 1235 789 1262; x_wconf 90' lang='lat' dir='ltr'>uero</span> <span class='ocrx_word' id='word_1_128' title='bbox 822 1235 957 1262; x_wconf 91' lang='lat' dir='ltr'>nouos</span> <span class='ocrx_word' id='word_1_129' title='bbox 991 1220 1224 1275; x_wconf 89' lang='lat' dir='ltr'>magistros</span> <span class='ocrx_word' id='word_1_130' title='bbox 1262 1218 1371 1261; x_wconf 89' lang='lat' dir='ltr'>nihil</span> <span class='ocrx_word' id='word_1_131' title='bbox 1402 1219 1704 1275; x_wconf 83' lang='lat' dir='ltr'>intellegebam</span> <span class='ocrx_word' id='word_1_132' title='bbox 1737 1235 1860 1275; x_wconf 89' lang='lat' dir='ltr'>posse</span> 
     </span>
     <span class='ocr_line' id='line_1_17' title="bbox 337 1291 1862 1347; baseline 0.001 -14"><span class='ocrx_word' id='word_1_133' title='bbox 337 1291 506 1347; x_wconf 79' lang='lat' dir='ltr'>docere7</span> <span class='ocrx_word' id='word_1_134' title='bbox 543 1292 627 1333; x_wconf 84' lang='lat' dir='ltr'>nisi</span> <span class='ocrx_word' id='word_1_135' title='bbox 667 1294 715 1333; x_wconf 91' lang='lat' dir='ltr'>ut</span> <span class='ocrx_word' id='word_1_136' title='bbox 754 1292 977 1346; x_wconf 84' lang='lat' dir='ltr'>auderent3</span> <span class='ocrx_word' id='word_1_137' title='bbox 1017 1291 1128 1347; x_wconf 88' lang='lat' dir='ltr'>quod</span> <span class='ocrx_word' id='word_1_138' title='bbox 1162 1291 1295 1333; x_wconf 90' lang='lat' dir='ltr'>etiam</span> <span class='ocrx_word' id='word_1_139' title='bbox 1326 1305 1421 1333; x_wconf 89' lang='lat' dir='ltr'>cum</span> <span class='ocrx_word' id='word_1_140' title='bbox 1452 1291 1577 1333; x_wconf 90' lang='lat' dir='ltr'>bonis</span> <span class='ocrx_word' id='word_1_141' title='bbox 1609 1292 1736 1334; x_wconf 87' lang='lat' dir='ltr'>rebus</span> <span class='ocrx_word' id='word_1_142' title='bbox 1767 1307 1862 1334; x_wconf 88' lang='lat' dir='ltr'>con-</span> 
     </span>
     <span class='ocr_line' id='line_1_18' title="bbox 336 1362 1861 1419; baseline 0.001 -16"><span class='ocrx_word' id='word_1_143' title='bbox 336 1363 529 1405; x_wconf 84' lang='lat' dir='ltr'>iunctum</span> <span class='ocrx_word' id='word_1_144' title='bbox 563 1378 637 1419; x_wconf 88' lang='lat' dir='ltr'>per</span> <span class='ocrx_word' id='word_1_145' title='bbox 669 1378 713 1405; x_wconf 92' lang='lat' dir='ltr'>se</span> <span class='ocrx_word' id='word_1_146' title='bbox 746 1364 886 1418; x_wconf 87' lang='lat' dir='ltr'>ipsum</span> <span class='ocrx_word' id='word_1_147' title='bbox 919 1366 985 1405; x_wconf 89' lang='lat' dir='ltr'>est</span> <span class='ocrx_word' id='word_1_148' title='bbox 1016 1377 1275 1419; x_wconf 83' lang='lat' dir='ltr'>magnopere</span> <span class='ocrx_word' id='word_1_149' title='bbox 1313 1362 1577 1417; x_wconf 87' lang='lat' dir='ltr'>fugiendum.</span> <span class='ocrx_word' id='word_1_150' title='bbox 1640 1362 1733 1405; x_wconf 90' lang='lat' dir='ltr'>Hoc</span> <span class='ocrx_word' id='word_1_151' title='bbox 1765 1378 1861 1406; x_wconf 90' lang='lat' dir='ltr'>cum</span> 
     </span>
     <span class='ocr_line' id='line_1_19' title="bbox 336 1434 1859 1489; baseline 0 -13"><span class='ocrx_word' id='word_1_152' title='bbox 336 1450 466 1476; x_wconf 88' lang='lat' dir='ltr'>unum</span> <span class='ocrx_word' id='word_1_153' title='bbox 492 1435 735 1477; x_wconf 90' lang='lat' dir='ltr'>traderetur</span> <span class='ocrx_word' id='word_1_154' title='bbox 762 1437 805 1476; x_wconf 91' lang='lat' dir='ltr'>et</span> <span class='ocrx_word' id='word_1_155' title='bbox 831 1449 925 1476; x_wconf 89' lang='lat' dir='ltr'>cum</span> <span class='ocrx_word' id='word_1_156' title='bbox 960 1434 1250 1489; x_wconf 88' lang='lat' dir='ltr'>impudentiae</span> <span class='ocrx_word' id='word_1_157' title='bbox 1282 1434 1407 1476; x_wconf 90' lang='lat' dir='ltr'>ludus</span> <span class='ocrx_word' id='word_1_158' title='bbox 1436 1436 1560 1489; x_wconf 81' lang='lat' dir='ltr'>esset,</span> <span class='ocrx_word' id='word_1_159' title='bbox 1592 1434 1741 1489; x_wconf 88' lang='lat' dir='ltr'>putaui</span> <span class='ocrx_word' id='word_1_160' title='bbox 1768 1450 1859 1476; x_wconf 91' lang='lat' dir='ltr'>esse</span> 
     </span>
     <span class='ocr_line' id='line_1_20' title="bbox 336 1505 1860 1561; baseline -0.001 -13"><span class='ocrx_word' id='word_1_161' title='bbox 336 1507 524 1549; x_wconf 86' lang='lat' dir='ltr'>censoris</span> <span class='ocrx_word' id='word_1_162' title='bbox 564 1522 616 1548; x_wconf 93' lang='lat' dir='ltr'>ne</span> <span class='ocrx_word' id='word_1_163' title='bbox 657 1507 827 1561; x_wconf 87' lang='lat' dir='ltr'>longius</span> <span class='ocrx_word' id='word_1_164' title='bbox 861 1506 904 1547; x_wconf 90' lang='lat' dir='ltr'>id</span> <span class='ocrx_word' id='word_1_165' title='bbox 944 1508 1134 1561; x_wconf 85' lang='lat' dir='ltr'>serperet</span> <span class='ocrx_word' id='word_1_166' title='bbox 1173 1506 1408 1561; x_wconf 87' lang='lat' dir='ltr'>prouidere.</span> <span class='ocrx_word' id='word_1_167' title='bbox 1471 1505 1738 1561; x_wconf 78' lang='lat' dir='ltr'>Quamquam</span> <span class='ocrx_word' id='word_1_168' title='bbox 1775 1521 1860 1548; x_wconf 89' lang='lat' dir='ltr'>non</span> 
     </span>
     <span class='ocr_line' id='line_1_21' title="bbox 335 1577 1859 1632; baseline 0 -14"><span class='ocrx_word' id='word_1_169' title='bbox 335 1578 439 1620; x_wconf 88' lang='lat' dir='ltr'>haec</span> <span class='ocrx_word' id='word_1_170' title='bbox 483 1579 544 1620; x_wconf 89' lang='lat' dir='ltr'>ita</span> <span class='ocrx_word' id='word_1_171' title='bbox 588 1580 730 1620; x_wconf 89' lang='lat' dir='ltr'>statuo</span> <span class='ocrx_word' id='word_1_172' title='bbox 777 1579 904 1632; x_wconf 87' lang='lat' dir='ltr'>atque</span> <span class='ocrx_word' id='word_1_173' title='bbox 951 1578 1131 1620; x_wconf 88' lang='lat' dir='ltr'>decerno</span> <span class='ocrx_word' id='word_1_174' title='bbox 1176 1581 1223 1619; x_wconf 91' lang='lat' dir='ltr'>ut</span> <span class='ocrx_word' id='word_1_175' title='bbox 1269 1578 1487 1632; x_wconf 85' lang='lat' dir='ltr'>desperem</span> <span class='ocrx_word' id='word_1_176' title='bbox 1526 1577 1677 1619; x_wconf 88' lang='lat' dir='ltr'>Latine</span> <span class='ocrx_word' id='word_1_177' title='bbox 1722 1592 1772 1619; x_wconf 93' lang='lat' dir='ltr'>ea</span> <span class='ocrx_word' id='word_1_178' title='bbox 1809 1578 1859 1618; x_wconf 92' lang='lat' dir='ltr'>de</span> 
     </span>
     <span class='ocr_line' id='line_1_22' title="bbox 336 1649 1859 1704; baseline -0.001 -13"><span class='ocrx_word' id='word_1_179' title='bbox 336 1650 489 1703; x_wconf 88' lang='lat' dir='ltr'>quibus</span> <span class='ocrx_word' id='word_1_180' title='bbox 541 1649 854 1704; x_wconf 86' lang='lat' dir='ltr'>disputauimus</span> <span class='ocrx_word' id='word_1_181' title='bbox 906 1649 1019 1691; x_wconf 91' lang='lat' dir='ltr'>tradi</span> <span class='ocrx_word' id='word_1_182' title='bbox 1069 1665 1118 1691; x_wconf 89' lang='lat' dir='ltr'>ac</span> <span class='ocrx_word' id='word_1_183' title='bbox 1166 1649 1394 1704; x_wconf 87' lang='lat' dir='ltr'>perpoliri:</span> <span class='ocrx_word' id='word_1_184' title='bbox 1444 1649 1609 1704; x_wconf 81' lang='lat' dir='ltr'>patitur</span> <span class='ocrx_word' id='word_1_185' title='bbox 1659 1649 1772 1690; x_wconf 87' lang='lat' dir='ltr'>enim</span> <span class='ocrx_word' id='word_1_186' title='bbox 1817 1651 1859 1690; x_wconf 90' lang='lat' dir='ltr'>et</span> 
     </span>
     <span class='ocr_line' id='line_1_23' title="bbox 336 1720 1859 1776; baseline 0.001 -16"><span class='ocrx_word' id='word_1_187' title='bbox 336 1720 486 1776; x_wconf 82' lang='lat' dir='ltr'>lingua</span> <span class='ocrx_word' id='word_1_188' title='bbox 517 1723 665 1763; x_wconf 87' lang='lat' dir='ltr'>nostra</span> <span class='ocrx_word' id='word_1_189' title='bbox 698 1723 741 1762; x_wconf 92' lang='lat' dir='ltr'>et</span> <span class='ocrx_word' id='word_1_190' title='bbox 773 1723 927 1762; x_wconf 90' lang='lat' dir='ltr'>natura</span> <span class='ocrx_word' id='word_1_191' title='bbox 958 1736 1097 1763; x_wconf 89' lang='lat' dir='ltr'>rerum</span> <span class='ocrx_word' id='word_1_192' title='bbox 1133 1723 1320 1762; x_wconf 87' lang='lat' dir='ltr'>ueterem</span> <span class='ocrx_word' id='word_1_193' title='bbox 1354 1720 1472 1762; x_wconf 89' lang='lat' dir='ltr'>illam</span> <span class='ocrx_word' id='word_1_194' title='bbox 1501 1721 1859 1776; x_wconf 84' lang='lat' dir='ltr'>excellentemque</span> 
     </span>
     <span class='ocr_line' id='line_1_24' title="bbox 334 1791 1862 1848; baseline 0.001 -15"><span class='ocrx_word' id='word_1_195' title='bbox 334 1792 606 1846; x_wconf 90' lang='lat' dir='ltr'>prudentiam</span> <span class='ocrx_word' id='word_1_196' title='bbox 647 1791 907 1834; x_wconf 80' lang='lat' dir='ltr'>Graecorum</span> <span class='ocrx_word' id='word_1_197' title='bbox 947 1793 999 1834; x_wconf 91' lang='lat' dir='ltr'>ad</span> <span class='ocrx_word' id='word_1_198' title='bbox 1039 1795 1234 1834; x_wconf 89' lang='lat' dir='ltr'>nostrum</span> <span class='ocrx_word' id='word_1_199' title='bbox 1273 1807 1397 1834; x_wconf 90' lang='lat' dir='ltr'>usum</span> <span class='ocrx_word' id='word_1_200' title='bbox 1435 1806 1683 1848; x_wconf 89' lang='lat' dir='ltr'>moremque</span> <span class='ocrx_word' id='word_1_201' title='bbox 1721 1795 1862 1834; x_wconf 90' lang='lat' dir='ltr'>trans-</span> 
     </span>
     <span class='ocr_line' id='line_1_25' title="bbox 334 1862 1859 1919; baseline 0 -15"><span class='ocrx_word' id='word_1_202' title='bbox 334 1862 454 1906; x_wconf 84' lang='lat' dir='ltr'>ferri:</span> <span class='ocrx_word' id='word_1_203' title='bbox 499 1864 572 1906; x_wconf 89' lang='lat' dir='ltr'>sed</span> <span class='ocrx_word' id='word_1_204' title='bbox 609 1864 855 1905; x_wconf 89' lang='lat' dir='ltr'>hominibus</span> <span class='ocrx_word' id='word_1_205' title='bbox 903 1879 1008 1918; x_wconf 88' lang='lat' dir='ltr'>opus</span> <span class='ocrx_word' id='word_1_206' title='bbox 1053 1866 1118 1905; x_wconf 87' lang='lat' dir='ltr'>est</span> <span class='ocrx_word' id='word_1_207' title='bbox 1162 1864 1357 1918; x_wconf 78' lang='lat' dir='ltr'>eruditis,</span> <span class='ocrx_word' id='word_1_208' title='bbox 1403 1863 1475 1919; x_wconf 90' lang='lat' dir='ltr'>qui</span> <span class='ocrx_word' id='word_1_209' title='bbox 1513 1864 1650 1905; x_wconf 88' lang='lat' dir='ltr'>adhuc</span> <span class='ocrx_word' id='word_1_210' title='bbox 1688 1864 1734 1905; x_wconf 91' lang='lat' dir='ltr'>in</span> <span class='ocrx_word' id='word_1_211' title='bbox 1777 1864 1859 1905; x_wconf 90' lang='lat' dir='ltr'>hoc</span> 
     </span>
     <span class='ocr_line' id='line_1_26' title="bbox 336 1933 1857 1991; baseline 0 -15"><span class='ocrx_word' id='word_1_212' title='bbox 336 1935 505 1990; x_wconf 89' lang='lat' dir='ltr'>quidem</span> <span class='ocrx_word' id='word_1_213' title='bbox 539 1949 692 1991; x_wconf 88' lang='lat' dir='ltr'>genere</span> <span class='ocrx_word' id='word_1_214' title='bbox 724 1935 864 1977; x_wconf 90' lang='lat' dir='ltr'>nostri</span> <span class='ocrx_word' id='word_1_215' title='bbox 901 1935 1012 1976; x_wconf 89' lang='lat' dir='ltr'>nulli</span> <span class='ocrx_word' id='word_1_216' title='bbox 1043 1935 1230 1977; x_wconf 84' lang='lat' dir='ltr'>fuerunt.</span> <span class='ocrx_word' id='word_1_217' title='bbox 1292 1933 1367 1976; x_wconf 82' lang='lat' dir='ltr'>Sin</span> <span class='ocrx_word' id='word_1_218' title='bbox 1400 1935 1569 1990; x_wconf 88' lang='lat' dir='ltr'>quando</span> <span class='ocrx_word' id='word_1_219' title='bbox 1603 1935 1857 1988; x_wconf 77' lang='lat' dir='ltr'>exstiterint,</span> 
     </span>
     <span class='ocr_line' id='line_1_27' title="bbox 335 2004 1857 2062; baseline 0 -15"><span class='ocrx_word' id='word_1_220' title='bbox 335 2006 463 2048; x_wconf 87' lang='lat' dir='ltr'>etiam</span> <span class='ocrx_word' id='word_1_221' title='bbox 479 2006 651 2049; x_wconf 80' lang='lat' dir='ltr'>Graecis</span> <span class='ocrx_word' id='word_1_222' title='bbox 672 2010 795 2049; x_wconf 90' lang='lat' dir='ltr'>erunt</span> <span class='ocrx_word' id='word_1_223' title='bbox 816 2004 1130 2062; x_wconf 62' lang='lat' dir='ltr'>anteponendi.5</span> <span class='ocrx_word' id='word_1_224' title='bbox 1165 2006 1283 2055; x_wconf 79' lang='lat' dir='ltr'>Quae</span> <span class='ocrx_word' id='word_1_225' title='bbox 1305 2007 1449 2048; x_wconf 85' lang='lat' dir='ltr'>omnia</span> <span class='ocrx_word' id='word_1_226' title='bbox 1472 2008 1651 2061; x_wconf 88' lang='lat' dir='ltr'>apparet</span> <span class='ocrx_word' id='word_1_227' title='bbox 1671 2006 1857 2047; x_wconf 88' lang='lat' dir='ltr'>inuidiae</span> 
     </span>
     <span class='ocr_line' id='line_1_28' title="bbox 335 2077 1857 2134; baseline -0.001 -15"><span class='ocrx_word' id='word_1_228' title='bbox 335 2078 420 2119; x_wconf 87' lang='lat' dir='ltr'>odii</span> <span class='ocrx_word' id='word_1_229' title='bbox 452 2078 745 2121; x_wconf 88' lang='lat' dir='ltr'>insectationis</span> <span class='ocrx_word' id='word_1_230' title='bbox 774 2094 865 2121; x_wconf 91' lang='lat' dir='ltr'>esse</span> <span class='ocrx_word' id='word_1_231' title='bbox 891 2079 1018 2134; x_wconf 89' lang='lat' dir='ltr'>plena</span> <span class='ocrx_word' id='word_1_232' title='bbox 1044 2079 1288 2134; x_wconf 88' lang='lat' dir='ltr'>scriptaque</span> <span class='ocrx_word' id='word_1_233' title='bbox 1315 2080 1414 2120; x_wconf 89' lang='lat' dir='ltr'>sunt</span> <span class='ocrx_word' id='word_1_234' title='bbox 1440 2077 1582 2120; x_wconf 90' lang='lat' dir='ltr'>Plotio</span> <span class='ocrx_word' id='word_1_235' title='bbox 1607 2077 1682 2119; x_wconf 92' lang='lat' dir='ltr'>illo</span> <span class='ocrx_word' id='word_1_236' title='bbox 1710 2077 1857 2119; x_wconf 90' lang='lat' dir='ltr'>etiam-</span> 
     </span>
     <span class='ocr_line' id='line_1_29' title="bbox 333 2148 1858 2205; baseline 0.001 -15"><span class='ocrx_word' id='word_1_237' title='bbox 333 2152 434 2191; x_wconf 86' lang='lat' dir='ltr'>tunc</span> <span class='ocrx_word' id='word_1_238' title='bbox 471 2151 571 2192; x_wconf 91' lang='lat' dir='ltr'>uiuo</span> <span class='ocrx_word' id='word_1_239' title='bbox 616 2150 687 2205; x_wconf 89' lang='lat' dir='ltr'>qui</span> <span class='ocrx_word' id='word_1_240' title='bbox 725 2153 835 2192; x_wconf 88' lang='lat' dir='ltr'>teste</span> <span class='ocrx_word' id='word_1_241' title='bbox 875 2149 1081 2192; x_wconf 83' lang='lat' dir='ltr'>Suetonio</span> <span class='ocrx_word' id='word_1_242' title='bbox 1121 2150 1171 2191; x_wconf 90' lang='lat' dir='ltr'>de</span> <span class='ocrx_word' id='word_1_243' title='bbox 1209 2150 1317 2191; x_wconf 88' lang='lat' dir='ltr'>rhet.</span> <span class='ocrx_word' id='word_1_244' title='bbox 1343 2151 1369 2191; x_wconf 80' lang='grc'>2</span> <span class='ocrx_word' id='word_1_245' title='bbox 1410 2149 1647 2191; x_wconf 87' lang='lat' dir='ltr'>diutissime</span> <span class='ocrx_word' id='word_1_246' title='bbox 1686 2148 1858 2191; x_wconf 81' lang='lat' dir='ltr'>uixerit.</span> 
     </span>
     <span class='ocr_line' id='line_1_30' title="bbox 333 2219 1856 2264; baseline 0 -2"><span class='ocrx_word' id='word_1_247' title='bbox 333 2219 444 2262; x_wconf 89' lang='lat' dir='ltr'>Nam</span> <span class='ocrx_word' id='word_1_248' title='bbox 485 2224 636 2263; x_wconf 90' lang='lat' dir='ltr'>contra</span> <span class='ocrx_word' id='word_1_249' title='bbox 667 2237 799 2264; x_wconf 90' lang='lat' dir='ltr'>unum</span> <span class='ocrx_word' id='word_1_250' title='bbox 838 2222 961 2263; x_wconf 89' lang='lat' dir='ltr'>illum</span> <span class='ocrx_word' id='word_1_251' title='bbox 994 2221 1181 2263; x_wconf 91' lang='lat' dir='ltr'>Plotium</span> <span class='ocrx_word' id='word_1_252' title='bbox 1213 2221 1320 2263; x_wconf 86' lang='grc'>11300</span> <span class='ocrx_word' id='word_1_253' title='bbox 1353 2220 1498 2262; x_wconf 86' lang='grc'>01111113</span> <span class='ocrx_word' id='word_1_254' title='bbox 1530 2221 1750 2262; x_wconf 90' lang='lat' dir='ltr'>subtracto</span> <span class='ocrx_word' id='word_1_255' title='bbox 1781 2235 1856 2262; x_wconf 92' lang='lat' dir='ltr'>no-</span> 
     </span>
     <span class='ocr_line' id='line_1_31' title="bbox 334 2291 1856 2348; baseline 0 -16"><span class='ocrx_word' id='word_1_256' title='bbox 334 2292 448 2332; x_wconf 87' lang='lat' dir='ltr'>mine</span> <span class='ocrx_word' id='word_1_257' title='bbox 484 2316 533 2321; x_wconf 88' lang='lat'>—-</span> <span class='ocrx_word' id='word_1_258' title='bbox 569 2293 680 2346; x_wconf 90' lang='lat' dir='ltr'>quod</span> <span class='ocrx_word' id='word_1_259' title='bbox 720 2294 832 2334; x_wconf 90' lang='lat' dir='ltr'>idem</span> <span class='ocrx_word' id='word_1_260' title='bbox 871 2294 1000 2348; x_wconf 84' lang='lat' dir='ltr'>paulo</span> <span class='ocrx_word' id='word_1_261' title='bbox 1041 2296 1167 2334; x_wconf 88' lang='lat' dir='ltr'>antea</span> <span class='ocrx_word' id='word_1_262' title='bbox 1206 2291 1374 2334; x_wconf 87' lang='lat' dir='ltr'>Caelius</span> <span class='ocrx_word' id='word_1_263' title='bbox 1413 2292 1572 2334; x_wconf 87' lang='lat' dir='ltr'>fecerat</span> <span class='ocrx_word' id='word_1_264' title='bbox 1604 2315 1657 2321; x_wconf 73' lang='lat'>——</span> <span class='ocrx_word' id='word_1_265' title='bbox 1698 2292 1856 2346; x_wconf 86' lang='lat' dir='ltr'>scripta</span> 
     </span>
     <span class='ocr_line' id='line_1_32' title="bbox 334 2362 1855 2419; baseline -0.001 -16"><span class='ocrx_word' id='word_1_266' title='bbox 334 2377 426 2403; x_wconf 89' lang='lat' dir='ltr'>esse</span> <span class='ocrx_word' id='word_1_267' title='bbox 459 2366 502 2404; x_wconf 91' lang='lat' dir='ltr'>et</span> <span class='ocrx_word' id='word_1_268' title='bbox 534 2377 583 2404; x_wconf 79' lang='lat' dir='ltr'>ex</span> <span class='ocrx_word' id='word_1_269' title='bbox 617 2364 676 2405; x_wconf 87' lang='lat' dir='ltr'>eis</span> <span class='ocrx_word' id='word_1_270' title='bbox 710 2379 817 2419; x_wconf 89' lang='lat' dir='ltr'>quae</span> <span class='ocrx_word' id='word_1_271' title='bbox 851 2366 977 2405; x_wconf 87' lang='lat' dir='ltr'>antea</span> <span class='ocrx_word' id='word_1_272' title='bbox 1009 2363 1283 2418; x_wconf 77' lang='lat' dir='ltr'>exposuimus</span> <span class='ocrx_word' id='word_1_273' title='bbox 1318 2365 1361 2404; x_wconf 92' lang='lat' dir='ltr'>et</span> <span class='ocrx_word' id='word_1_274' title='bbox 1393 2363 1490 2404; x_wconf 88' lang='lat' dir='ltr'>inde</span> <span class='ocrx_word' id='word_1_275' title='bbox 1520 2365 1710 2417; x_wconf 82' lang='lat' dir='ltr'>apparet,</span> <span class='ocrx_word' id='word_1_276' title='bbox 1743 2362 1855 2416; x_wconf 85' lang='lat' dir='ltr'>quod</span> 
     </span>
     <span class='ocr_line' id='line_1_33' title="bbox 333 2432 1854 2488; baseline 0 -14"><span class='ocrx_word' id='word_1_277' title='bbox 333 2448 421 2476; x_wconf 88' lang='lat' dir='ltr'>non</span> <span class='ocrx_word' id='word_1_278' title='bbox 459 2433 509 2475; x_wconf 91' lang='lat' dir='ltr'>de</span> <span class='ocrx_word' id='word_1_279' title='bbox 547 2434 742 2488; x_wconf 86' lang='lat' dir='ltr'>pluribus</span> <span class='ocrx_word' id='word_1_280' title='bbox 781 2435 937 2477; x_wconf 90' lang='lat' dir='ltr'>scholis</span> <span class='ocrx_word' id='word_1_281' title='bbox 978 2435 1052 2476; x_wconf 89' lang='lat' dir='ltr'>sed</span> <span class='ocrx_word' id='word_1_282' title='bbox 1084 2434 1133 2475; x_wconf 89' lang='lat' dir='ltr'>de</span> <span class='ocrx_word' id='word_1_283' title='bbox 1166 2448 1249 2476; x_wconf 91' lang='lat' dir='ltr'>uno</span> <span class='ocrx_word' id='word_1_284' title='bbox 1288 2434 1362 2476; x_wconf 88' lang='lat' dir='ltr'>illo</span> <span class='ocrx_word' id='word_1_285' title='bbox 1396 2433 1511 2475; x_wconf 73' lang='lat' dir='ltr'>‘ludo</span> <span class='ocrx_word' id='word_1_286' title='bbox 1549 2432 1854 2488; x_wconf 78' lang='lat' dir='ltr'>impudentiae&#39;</span> 
     </span>
     <span class='ocr_line' id='line_1_34' title="bbox 333 2503 1855 2561; baseline 0 -16"><span class='ocrx_word' id='word_1_287' title='bbox 333 2504 488 2560; x_wconf 89' lang='lat' dir='ltr'>agitur.</span> <span class='ocrx_word' id='word_1_288' title='bbox 533 2504 733 2560; x_wconf 85' lang='lat' dir='ltr'>Improbe</span> <span class='ocrx_word' id='word_1_289' title='bbox 759 2508 982 2561; x_wconf 85' lang='lat' dir='ltr'>praeterea</span> <span class='ocrx_word' id='word_1_290' title='bbox 1009 2504 1210 2547; x_wconf 85' lang='lat' dir='ltr'>Crassum</span> <span class='ocrx_word' id='word_1_291' title='bbox 1238 2503 1387 2547; x_wconf 88' lang='lat' dir='ltr'>Cicero</span> <span class='ocrx_word' id='word_1_292' title='bbox 1421 2506 1464 2546; x_wconf 92' lang='lat' dir='ltr'>et</span> <span class='ocrx_word' id='word_1_293' title='bbox 1490 2504 1713 2546; x_wconf 88' lang='lat' dir='ltr'>Aurelium</span> <span class='ocrx_word' id='word_1_294' title='bbox 1740 2503 1855 2559; x_wconf 89' lang='lat' dir='ltr'>Opil-</span> 
     </span>
     <span class='ocr_line' id='line_1_35' title="bbox 333 2575 1853 2632; baseline 0 -16"><span class='ocrx_word' id='word_1_295' title='bbox 333 2575 438 2617; x_wconf 92' lang='lat' dir='ltr'>lium</span> <span class='ocrx_word' id='word_1_296' title='bbox 478 2578 520 2618; x_wconf 87' lang='lat' dir='ltr'>et</span> <span class='ocrx_word' id='word_1_297' title='bbox 557 2591 681 2618; x_wconf 87' lang='lat' dir='ltr'>suum</span> <span class='ocrx_word' id='word_1_298' title='bbox 721 2577 854 2632; x_wconf 88' lang='lat' dir='ltr'>ipsius</span> <span class='ocrx_word' id='word_1_299' title='bbox 893 2578 1111 2619; x_wconf 88' lang='lat' dir='ltr'>doctorem</span> <span class='ocrx_word' id='word_1_300' title='bbox 1151 2575 1343 2618; x_wconf 77' lang='lat' dir='ltr'>Caelium</span> <span class='ocrx_word' id='word_1_301' title='bbox 1380 2575 1656 2631; x_wconf 85' lang='lat' dir='ltr'>Antipatrum</span> <span class='ocrx_word' id='word_1_302' title='bbox 1693 2577 1741 2616; x_wconf 91' lang='lat' dir='ltr'>ut</span> <span class='ocrx_word' id='word_1_303' title='bbox 1777 2576 1853 2617; x_wconf 89' lang='lat' dir='ltr'>ho-</span> 
     </span>
     <span class='ocr_line' id='line_1_36' title="bbox 333 2645 1854 2703; baseline 0 -16"><span class='ocrx_word' id='word_1_304' title='bbox 333 2647 467 2688; x_wconf 88' lang='lat' dir='ltr'>mines</span> <span class='ocrx_word' id='word_1_305' title='bbox 514 2648 709 2690; x_wconf 90' lang='lat' dir='ltr'>sordidos</span> <span class='ocrx_word' id='word_1_306' title='bbox 757 2651 800 2689; x_wconf 85' lang='lat' dir='ltr'>et</span> <span class='ocrx_word' id='word_1_307' title='bbox 843 2648 1079 2690; x_wconf 88' lang='lat' dir='ltr'>ineruditos</span> <span class='ocrx_word' id='word_1_308' title='bbox 1125 2647 1358 2689; x_wconf 88' lang='lat' dir='ltr'>introducit</span> <span class='ocrx_word' id='word_1_309' title='bbox 1402 2647 1700 2703; x_wconf 88' lang='lat' dir='ltr'>castigantem.</span> <span class='ocrx_word' id='word_1_310' title='bbox 1763 2645 1854 2687; x_wconf 89' lang='lat' dir='ltr'>Nec</span> 
     </span>
     <span class='ocr_line' id='line_1_37' title="bbox 332 2717 1854 2774; baseline 0 -17"><span class='ocrx_word' id='word_1_311' title='bbox 332 2732 416 2758; x_wconf 90' lang='lat' dir='ltr'>non</span> <span class='ocrx_word' id='word_1_312' title='bbox 450 2718 545 2760; x_wconf 93' lang='lat' dir='ltr'>loco</span> <span class='ocrx_word' id='word_1_313' title='bbox 578 2719 661 2761; x_wconf 89' lang='lat' dir='ltr'>isto</span> <span class='ocrx_word' id='word_1_314' title='bbox 689 2718 907 2761; x_wconf 82' lang='lat' dir='ltr'>Ciceronis</span> <span class='ocrx_word' id='word_1_315' title='bbox 941 2719 1111 2774; x_wconf 87' lang='lat' dir='ltr'>cognito</span> <span class='ocrx_word' id='word_1_316' title='bbox 1145 2721 1187 2760; x_wconf 90' lang='lat' dir='ltr'>et</span> <span class='ocrx_word' id='word_1_317' title='bbox 1219 2719 1413 2760; x_wconf 89' lang='lat' dir='ltr'>lectitato</span> <span class='ocrx_word' id='word_1_318' title='bbox 1441 2718 1595 2760; x_wconf 88' lang='lat' dir='ltr'>acriter</span> <span class='ocrx_word' id='word_1_319' title='bbox 1628 2717 1854 2759; x_wconf 88' lang='lat' dir='ltr'>doluerunt</span> 
     </span>
     <span class='ocr_line' id='line_1_38' title="bbox 332 2786 1852 2832; baseline 0.001 -5"><span class='ocrx_word' id='word_1_320' title='bbox 332 2788 524 2830; x_wconf 86' lang='lat' dir='ltr'>rhetores</span> <span class='ocrx_word' id='word_1_321' title='bbox 566 2790 708 2831; x_wconf 89' lang='lat' dir='ltr'>Latini</span> <span class='ocrx_word' id='word_1_322' title='bbox 750 2786 892 2832; x_wconf 90' lang='lat' dir='ltr'>Plotio</span> <span class='ocrx_word' id='word_1_323' title='bbox 931 2793 1115 2832; x_wconf 88' lang='lat' dir='ltr'>mortuo.</span> <span class='ocrx_word' id='word_1_324' title='bbox 1177 2790 1222 2830; x_wconf 91' lang='lat' dir='ltr'>L.</span> <span class='ocrx_word' id='word_1_325' title='bbox 1256 2788 1423 2831; x_wconf 87' lang='lat' dir='ltr'>Cestius</span> <span class='ocrx_word' id='word_1_326' title='bbox 1456 2789 1555 2830; x_wconf 87' lang='lat' dir='ltr'>Pius</span> <span class='ocrx_word' id='word_1_327' title='bbox 1594 2788 1741 2829; x_wconf 89' lang='lat' dir='ltr'>rhetor</span> <span class='ocrx_word' id='word_1_328' title='bbox 1773 2787 1852 2829; x_wconf 86' lang='lat' dir='ltr'>La-</span> 
     </span>
     <span class='ocr_line' id='line_1_39' title="bbox 332 2851 1853 2914; baseline 0.001 -15"><span class='ocrx_word' id='word_1_329' title='bbox 332 2858 448 2900; x_wconf 87' lang='lat' dir='ltr'>tinus</span> <span class='ocrx_word' id='word_1_330' title='bbox 471 2860 747 2902; x_wconf 83' lang='lat' dir='ltr'>acerbissimo</span> <span class='ocrx_word' id='word_1_331' title='bbox 774 2862 869 2902; x_wconf 91' lang='lat' dir='ltr'>odio</span> <span class='ocrx_word' id='word_1_332' title='bbox 891 2862 1124 2902; x_wconf 87' lang='lat' dir='ltr'>insectatus</span> <span class='ocrx_word' id='word_1_333' title='bbox 1153 2863 1218 2902; x_wconf 88' lang='lat' dir='ltr'>est</span> <span class='ocrx_word' id='word_1_334' title='bbox 1237 2851 1483 2902; x_wconf 87' lang='lat' dir='ltr'>Ciceronem</span> <span class='ocrx_word' id='word_1_335' title='bbox 1511 2859 1636 2902; x_wconf 89' lang='lat' dir='ltr'>dictis</span> <span class='ocrx_word' id='word_1_336' title='bbox 1664 2859 1853 2914; x_wconf 86' lang='lat' dir='ltr'>scriptis·</span> 
     </span>
    </p>
   </div>
  </div>
 </body>
</html>
