2003 3116
311 148 363 187 14
876 146 1246 179 PROLEGOMENA.

306 258 465 296 certum
495 256 576 294 est:
611 255 652 293 et
684 253 742 293 sic
772 252 1006 292 innumeris
1033 251 1138 293 locis
1166 251 1311 292 eadem
1339 266 1446 305 quae
1472 252 1514 292 H
1540 253 1672 294 habet
1697 269 1825 295 manu

304 325 441 379 prima
490 325 530 364 in
571 322 768 363 Parisino
809 321 941 363 fuisse
985 322 1127 363 inueni
1166 337 1260 363 cum
1303 322 1490 363 codicem
1533 338 1688 378 magno
1731 339 1825 366 cum

305 395 446 435 fructu
492 392 741 434 conferrem.
811 390 956 434 Codex
1000 407 1026 447 p
1072 395 1138 434 est
1181 393 1391 448 Kaysero,
1437 392 1559 434 nobis
1606 393 1638 434 P
1680 395 1828 435 littera

306 466 490 505 notatur.

421 532 550 574 Codd.
591 533 633 574 H
678 536 720 575 et
763 533 796 574 P
842 535 1030 576 omnium
1082 535 1234 589 optimi
1279 538 1322 576 et
1372 535 1662 590 antiquissimi
1707 538 1827 577 sunt:

301 603 520 658 archetypi
540 611 586 646 M
612 605 817 647 lectiones
847 606 1050 647 exhibent
1075 606 1397 661 religiosissime
1425 607 1674 661 exscriptas
1722 606 1823 655 Qui-

302 675 380 715 bus
414 675 672 731 adiungendi
707 678 807 717 sunt
839 676 957 718 codd.
991 677 1176 718 eiusdem
1211 678 1377 732 generis
1409 681 1516 720 tres:

421 747 457 787 3.
498 746 641 788 Codex
680 747 910 789 Bernensis
942 748 1029 789 433
1068 748 1206 790 forma
1244 749 1331 789 fere
1370 749 1602 803 quadratus
1642 750 1826 804 scriptus

300 832 407 858 saec.
439 817 500 858 IX
539 819 605 860 uel
638 819 677 860 X
717 819 873 860 litteris
913 819 1166 861 minusculis
1201 820 1486 874 Karolingiis,
1526 820 1763 874 descriptus
1803 835 1827 861 a

300 887 472 930 Simone
499 889 525 931 l.
546 904 578 932 s.
599 905 638 944 p.
663 891 714 931 13
748 890 974 945 HHageno
1008 891 1192 945 catalog.
1219 891 1337 932 codd.
1366 890 1646 932 Bernensium
1679 906 1718 945 p.
1740 891 1824 932 378

299 957 572 1002 Chatelainio
604 961 630 1002 l.
659 976 689 1002 s,
718 962 789 1015 qui
823 962 1100 1003 simulacrum
1128 961 1200 1002 fol.
1230 962 1337 1003 1011.
1370 962 1469 1002 libri
1500 962 1520 1002 I
1552 963 1712 1003 exitum
1746 963 1823 1003 ini-

298 1031 404 1071 tium
450 1031 550 1072 libri
595 1031 635 1073 II
680 1032 922 1073 exhibentis
972 1033 1033 1074 ibi
1074 1033 1312 1087 proposuit.
1381 1032 1566 1075 Constat
1612 1033 1648 1074 is
1694 1033 1823 1074 codex

298 1100 424 1143 hodie
455 1101 572 1143 foliis
606 1103 660 1144 79
700 1104 772 1145 sed
811 1104 872 1145 ita
905 1106 952 1145 ut
989 1104 1203 1158 scriptura
1242 1119 1349 1147 saec.
1376 1104 1438 1145 IX
1470 1104 1538 1145 uel
1571 1103 1609 1144 X
1645 1104 1825 1158 incipiat

297 1171 370 1213 fol.
396 1172 422 1213 5
438 1188 475 1215 u.
508 1174 605 1215 inde
633 1189 656 1215 a
682 1175 824 1216 uerbis
856 1174 1002 1216 Veram
1032 1175 1107 1217 hae
1133 1179 1211 1217 tres
1236 1176 1433 1217 utilitates
1458 1176 1618 1216 tametsi
1642 1174 1662 1216 I
1690 1176 1727 1229 7,
1749 1176 1822 1216 11:

297 1243 338 1283 in
373 1243 444 1284 fol.
475 1245 495 1284 1
525 1246 567 1285 et
593 1246 620 1286 2
653 1260 783 1287 manu
816 1260 923 1287 saec.
949 1245 1033 1286 XII
1065 1247 1133 1287 uel
1160 1246 1265 1287 XIII
1297 1247 1485 1301 capitula
1517 1248 1689 1288 exarata
1724 1248 1823 1287 sunt

297 1328 323 1354 a
355 1312 527 1356 Simone
559 1316 584 1356 1.
613 1331 643 1357 s.
670 1331 710 1371 p.
738 1317 794 1358 14
826 1317 1059 1371 exscripta,
1091 1317 1163 1358 fol.
1197 1318 1276 1359 2u.
1309 1317 1347 1358 3.
1379 1318 1418 1360 4.
1451 1317 1523 1358 5r.
1565 1317 1713 1358 eadem
1746 1317 1821 1357 illa

296 1399 426 1426 manu
464 1388 698 1429 recentiore
738 1402 788 1429 ea
825 1402 933 1443 quae
972 1388 1125 1429 desunt
1163 1390 1264 1429 ante
1303 1387 1324 1429 I
1366 1389 1402 1443 7,
1437 1389 1487 1429 11
1529 1391 1628 1429 sunt
1665 1387 1821 1428 addita.

295 1456 447 1511 Itaque
485 1460 609 1499 uetus
649 1458 779 1500 codex
819 1473 925 1500 saec.
951 1458 1013 1500 IX
1046 1459 1113 1500 uel
1145 1458 1185 1499 X
1218 1460 1446 1500 constabat
1477 1459 1549 1500 fol.
1577 1458 1740 1509 5—79,
1779 1458 1819 1499 id

296 1530 362 1569 est
393 1527 506 1570 foliis
542 1529 596 1571 75
629 1530 696 1571 uel
730 1530 1084 1584 quaternionibus
1117 1529 1179 1571 IX
1210 1533 1382 1585 praeter
1414 1529 1598 1584 primum
1632 1530 1820 1571 numeris

296 1599 383 1641 suis
428 1601 592 1642 notatis
638 1601 791 1656 quibus
838 1601 1073 1642 adhaerent
1110 1601 1216 1643 folia
1249 1601 1419 1656 singula
1462 1601 1557 1642 tria.
1625 1599 1713 1642 Fol.
1746 1600 1820 1642 5r.

296 1672 393 1711 ante
433 1685 539 1713 saec.
567 1671 650 1712 XII
688 1687 869 1714 uacuum
907 1673 1008 1727 fuit,
1055 1687 1165 1714 nunc
1203 1686 1252 1714 eo
1293 1687 1375 1727 quo
1421 1672 1507 1713 dixi
1551 1671 1677 1714 modo
1723 1686 1819 1713 con-

296 1741 501 1795 scriptum
540 1746 622 1784 est:
666 1743 773 1784 liber
811 1743 873 1784 VI
914 1744 1086 1798 explicit
1124 1743 1196 1785 fol.
1231 1744 1284 1784 79
1300 1759 1330 1784 r.
1371 1743 1522 1785 medio.
1591 1743 1676 1784 Fol.
1712 1743 1820 1785 7911.

295 1814 436 1854 exstat
462 1814 685 1869 catalogus
712 1815 1019 1856 monachorum
1046 1817 1089 1855 et
1122 1815 1331 1857 librorum
1358 1815 1495 1855 editus
1523 1815 1575 1855 ab
1597 1813 1820 1869 HHageno

292 1881 441 1924 Jahrb.
481 1884 549 1925 fiir
592 1884 746 1927 Philol.
785 1884 923 1926 XCIX
961 1901 1000 1940 p.
1027 1885 1109 1927 511
1155 1884 1384 1926 GBeckero
1430 1886 1617 1940 catalogi
1668 1884 1820 1926 biblio—

292 1953 514 1996 thecarum
541 1957 707 2011 antiqui
741 1972 780 2011 p.
812 1956 890 1998 131
925 1956 999 1997 ubi
1025 1959 1171 1997 tamen
1203 1972 1241 1999 u.
1271 1957 1292 1997 1
1323 1959 1364 1997 et
1393 1956 1418 1997 2
1451 1957 1570 2011 legas
1597 1970 1685 1998 non
1715 1957 1819 1998 win-

291 2038 403 2066 cerus
437 2025 509 2067 sed
541 2027 753 2082 minim-as,
792 2043 828 2068 u.
865 2027 920 2069 14
951 2042 1037 2069 non
1070 2027 1263 2069 Donatus
1300 2028 1435 2069 minor
1466 2042 1556 2069 cam
1587 2028 1742 2069 maiore
1784 2031 1819 2068 et

291 2096 544 2139 barbarismo
582 2101 619 2139 et
654 2098 1006 2151 coniuyationibas
1045 2098 1118 2140 sed
1150 2098 1344 2140 Donatus
1383 2099 1518 2140 minor
1549 2112 1641 2140 cam
1673 2099 1816 2140 barba-

289 2169 415 2210 rismo
446 2169 552 2210 Item
589 2171 763 2211 donatus
800 2170 939 2211 minor
976 2184 1067 2212 cam
1104 2170 1258 2211 maiore
1295 2173 1332 2211 et
1370 2170 1622 2211 barbarismo
1653 2173 1691 2210 et
1726 2183 1816 2211 con-

289 2239 565 2292 {mationibus
599 2240 746 2282 deinde
779 2256 817 2282 u.
838 2241 863 2281 9
892 2242 1071 2283 scribas:
1104 2242 1348 2284 Priscianus
1375 2243 1423 2283 olo
1448 2240 1553 2282 XII
1579 2241 1763 2283 uersibus
1788 2241 1820 2282 I

291 2313 332 2350 et
364 2325 471 2365 quae
505 2314 705 2353 secuntur
737 2312 936 2367 deinceps
970 2314 1204 2368 coniungas
1238 2313 1386 2354 eadem
1418 2313 1596 2354 ratione.
1653 2311 1814 2353 Versus

289 2380 420 2422 habet
451 2384 574 2423 uetus
609 2381 739 2423 codex
771 2382 817 2422 in
848 2387 1102 2438 unaq1'1aque
1134 2383 1293 2438 pagina
1320 2383 1431 2424 XXI.
1490 2382 1715 2424 Oorrectus
1749 2386 1816 2424 est

290 2452 450 2505 passim
489 2453 542 2494 ab
581 2452 828 2494 hominibus
868 2453 1133 2496 diuersorum
1173 2456 1414 2508 temporum
1451 2454 1547 2495 inde
1582 2469 1605 2495 a
1644 2454 1812 2496 saeculo

289 2523 453 2564 librarii
493 2537 626 2579 usque
666 2524 717 2565 ad
756 2524 973 2566 saeculum
1011 2524 1111 2566 XV:
1154 2525 1329 2566 lacunae
1369 2525 1438 2566 hic
1476 2525 1567 2566 illic
1605 2539 1655 2566 ex
1692 2525 1811 2566 codd.

288 2594 465 2648 integris
506 2595 699 2649 expletae
733 2599 843 2637 sunt.
906 2595 1019 2645 Quas
1052 2598 1315 2638 correcturas
1350 2610 1496 2638 omnes
1529 2610 1608 2651 ego
1641 2595 1809 2650 quidem

287 2665 347 2705 nil
381 2679 482 2706 curo
516 2665 781 2708 adnotandas
813 2667 897 2708 nisi
922 2681 1019 2709 cum
1053 2667 1106 2709 ad
1132 2682 1221 2709 rem
1253 2667 1486 2721 pertinebit
1514 2667 1806 2709 demonstrare

288 2736 574 2777 coniecturam
614 2737 826 2791 quandam
865 2738 953 2779 iam
994 2753 1102 2781 saec.
1126 2737 1187 2780 IX
1225 2753 1315 2780 esse
1353 2738 1524 2780 factam.
1587 2738 1807 2779 Librarius

287 2806 415 2848 homo
443 2807 592 2849 doctus
624 2808 793 2849 uidetur
819 2807 952 2849 fuisse
986 2812 1028 2849 et
1054 2812 1220 2850 acutus:
1252 2824 1339 2851 non
1366 2809 1477 2851 enim
1505 2808 1629 2850 sicuti
1655 2808 1808 2863 reliqui

288 2877 437 2919 scribit
467 2878 666 2920 rethorica
696 2879 831 2921 rethor
863 2879 1033 2935 similia,
1066 2880 1138 2921 sed
1169 2879 1370 2922 rhetorica
1401 2880 1548 2936 Μούσῃ
1588 2879 1703 2921 solus
1736 2879 1808 2921 ille
