2003 3116
376 198 431 239 92)
951 193 1314 227 PROLEGOMENA.

377 306 452 346 dae
492 302 759 358 repetitionis
801 302 940 356 gratia
979 302 1193 341 sumerent
1237 299 1371 354 aliud,
1417 313 1498 354 quo
1545 300 1655 341 idem
1701 299 1892 355 intellegi

377 378 532 429 posset.
596 372 716 422 Quod
751 386 847 413 cum
880 374 945 412 est
985 369 1145 424 puerile
1179 372 1220 411 et
1260 370 1477 411 cuiusdam
1509 369 1694 412 infelicis
1727 386 1892 426 operae,

378 451 467 487 tum
501 444 629 485 etiam
666 443 766 484 utile
799 456 968 497 parum:
1007 442 1179 483 turbam
1217 441 1518 483 tantummodo
1557 445 1807 497 congregat,
1844 457 1894 484 ex

377 530 459 571 qua
491 515 581 556 sine
614 514 859 555 discrimine
894 515 1071 567 occupet
1102 513 1341 567 proximum
1376 511 1598 567 quodque.'
1647 511 1893 554 Cuiusmodi

378 600 716 641 synonymorum
751 584 1023 626 collectiones
1056 586 1158 626 tunc
1190 583 1463 637 potissimum
1494 583 1740 626 commodae
1774 586 1894 625 erant

376 673 470 699 cum
507 657 584 698 illa
621 657 760 712 figura
795 669 901 711 quae
935 655 987 697 ad
1021 655 1118 696 Her.
1149 654 1211 697 IV
1238 655 1312 709 28,
1341 656 1395 697 38
1427 654 1745 709 interpretatio,
1783 655 1894 709 apud

377 728 563 770 Graecos
597 728 855 782 συνωνυμία
888 726 1187 781 appellabatur
1214 730 1256 767 et
1283 726 1477 780 exemplo
1503 726 1614 768 solet
1645 726 1820 781 probari
1845 741 1895 767 ex

377 798 633 853 [Demosth.]
657 801 790 840 contr.
806 798 996 853 Philippi
1017 798 1186 852 epistol.
1211 799 1236 840 3
1265 797 1500 851 desumpto,
1521 801 1614 839 erat
1635 797 1894 839 adhibenda:

378 874 603 925 praeterea
634 871 678 911 in
712 884 795 911 uno
825 883 991 924 quoque
1025 869 1248 911 enuntiato
1279 868 1380 910 talis
1413 869 1597 911 uariatio
1630 869 1894 910 locutionum

377 944 419 983 et
457 941 600 995 lepida
637 944 679 982 et
718 944 844 996 grata
882 940 1124 995 uidebatur,
1164 955 1246 995 qua
1277 942 1422 982 noster
1455 940 1636 995 scriptor
1668 939 1895 982 admodum

376 1012 600 1068 pueriliter
631 1012 767 1053 utitur
799 1026 875 1054 nec
916 1012 1019 1053 satis
1058 1014 1169 1053 tecte
1203 1014 1243 1052 et
1276 1013 1410 1053 caute.
1473 1011 1600 1066 Apud
1634 1011 1818 1053 Graecos
1852 1014 1895 1052 et

377 1083 554 1138 Telephi
577 1083 817 1126 ὠκυτόκιον
839 1086 932 1124 erat
952 1083 1186 1137 συναγωγὴ
1208 1082 1424 1124 ἐπιθέτων
1445 1084 1506 1133 εἰς
1524 1083 1573 1124 τὸ
1594 1082 1700 1124 αὐτὸ
1719 1088 1897 1137 πρᾶγμα

377 1155 656 1210 ἁρμοζόντων
676 1156 785 1209 πρὸς
811 1154 987 1209 ἕτοιμον
1014 1154 1224 1209 εὐπορίαν
1250 1154 1452 1209 φράσεως
1479 1154 1704 1196 secundum
1723 1153 1896 1196 Suidam

378 1242 408 1268 s.
442 1242 479 1267 u.
518 1226 715 1280 Τήλεφος
754 1230 795 1267 et
832 1225 964 1267 Iulius
997 1225 1152 1266 Pollux
1191 1226 1446 1280 conscripsit
1484 1240 1589 1279 opus
1629 1225 1695 1267 cui
1737 1224 1896 1279 ὀνομα-

378 1298 527 1339 στικὸν
662 1295 750 1338 ἐστὶ
782 1329 791 1338 .
813 1329 822 1338 .
844 1329 852 1338 .
888 1298 934 1338 τὸ
974 1296 1244 1351 ἐπίγραμμα,
1282 1297 1440 1350 μηνύει
1479 1294 1526 1338 δὲ
1565 1296 1646 1338 ὅσα
1680 1311 1724 1337 τε
1758 1295 1897 1337 συνώ-

380 1385 494 1422 νυμα
528 1368 586 1418 ὡς
617 1367 905 1410 ὑπαλλάττειν
933 1368 1157 1409 δύνασθαι
1188 1366 1260 1409 καὶ
1294 1362 1358 1417 οἷς
1390 1367 1443 1409 ἂν
1475 1367 1631 1409 ἕκαστα
1662 1367 1897 1421 δηλωθείη.

378 1440 504 1494 Apud
530 1438 709 1481 Latinos
736 1439 897 1482 Fronto
924 1439 1071 1480 rhetor
1096 1438 1152 1480 M.
1168 1439 1434 1481 Antoninum
1466 1438 1769 1493 philosophum
1796 1438 1896 1479 deli-

379 1513 540 1553 ciarum
572 1512 883 1553 rhetoricarum
915 1510 1243 1552 commonefacit
1280 1510 1346 1552 his
1386 1511 1525 1552 uerbis
1558 1526 1597 1565 p.
1620 1509 1700 1552 151
1736 1509 1897 1551 Naber:

379 1584 543 1626 ‘nonne
586 1586 628 1626 te
671 1582 949 1624 tumultuaris
995 1581 1250 1637 quibusdam
1298 1584 1340 1623 et
1389 1582 1611 1624 lucratiuis
1662 1580 1899 1622 studiorum

381 1655 551 1697 solaciis
600 1654 826 1703 fulciebas,
877 1654 1128 1708 synonymis
1181 1652 1449 1708 colligendis,
1499 1653 1641 1694 uerbis
1685 1651 1898 1693 interdum

381 1726 670 1782 singularibus
705 1725 981 1780 requirendis,
1013 1728 1061 1766 ut
1093 1727 1285 1766 ueterum
1318 1727 1542 1777 commata,
1575 1726 1623 1765 ut
1653 1723 1746 1765 cola
1778 1737 1901 1777 syno-

387 1812 613 1853 nymorum
639 1797 805 1839 ratione
833 1795 1126 1838 conuerteres’
1152 1811 1185 1837 e.
1207 1811 1244 1851 q.
1267 1811 1314 1838 s.:
1354 1797 1457 1837 satis
1490 1795 1668 1849 denique
1703 1796 1806 1836 nota
1837 1795 1901 1835 est

379 1870 457 1911 illa
489 1883 595 1924 quae
636 1869 713 1910 sub
747 1867 966 1911 Ciceronis
1006 1869 1178 1910 nomine
1217 1868 1352 1909 fertur
1391 1881 1727 1922 synonymorum
1770 1876 1900 1907 συνα-

382 1942 501 1995 γωγή
529 1940 581 1982 ad
606 1939 843 1981 Veturium.
891 1938 973 1981 Sed
1002 1939 1350 1994 antiquissimum
1381 1939 1461 1980 hoc
1495 1952 1628 1993 genus
1662 1936 1899 1978 studiorum

383 2016 423 2053 ct
462 2011 813 2053 exercitationum
850 2011 982 2052 fuisse
1016 2011 1113 2052 inde
1146 2010 1345 2061 efficitur,
1382 2010 1494 2064 quod
1526 2008 1737 2051 Pacuuius
1770 2008 1899 2048 talem

383 2085 669 2138 συνωνυμίαν
714 2082 994 2124 audacissime
1045 2082 1088 2122 in
1138 2082 1288 2136 poesin
1333 2080 1570 2122 introduxit
1617 2080 1660 2121 in
1706 2078 1899 2120 uersibus

382 2155 466 2197 illis
505 2169 612 2210 quae
652 2157 880 2196 seruantur
918 2153 969 2195 ad
1001 2152 1101 2195 Her.
1134 2153 1178 2194 II.
1210 2153 1373 2203 23,36:
1411 2151 1668 2194 ‘Fortunam
1706 2151 1900 2192 insanam

383 2242 474 2269 esse
515 2230 556 2268 et
594 2221 763 2268 caecam
803 2229 843 2267 et
880 2226 1050 2267 brutam
1084 2224 1295 2278 perhibent
1329 2223 1578 2278 philosophi
1610 2221 1805 2276 Saxoque
1838 2221 1900 2262 in-

385 2301 497 2340 stare
529 2298 574 2339 in
613 2298 790 2353 globoso
821 2297 1068 2350 praedicant
1105 2295 1285 2337 uolubili
1316 2295 1366 2336 Id
1398 2309 1481 2349 quo
1515 2309 1664 2335 saxum
1697 2291 1902 2347 inpulerit

383 2370 507 2424 Fors,
547 2383 594 2410 eo
635 2368 783 2410 cadere
815 2367 1051 2409 Fortunam
1089 2369 1318 2408 azctzmzawt.
1381 2364 1560 2407 Caecam
1602 2365 1654 2406 ob
1689 2378 1780 2404 eam
1813 2377 1901 2403 rem

385 2455 475 2482 esse
512 2441 680 2491 iterant,
719 2439 819 2493 quia
856 2438 965 2479 nihil
1004 2440 1166 2487 cernat,
1205 2452 1286 2491 quo
1326 2452 1418 2478 sese
1458 2436 1659 2490 adplicet3
1697 2434 1900 2474 Insanam

386 2515 529 2553 autem
567 2512 703 2565 aiunt,
743 2510 843 2564 quia
883 2511 1021 2562 atrox,
1060 2509 1222 2550 incerta
1260 2507 1558 2562 instabilisque
1598 2507 1671 2559 sit,
1711 2504 1901 2558 Brutam,

389 2583 487 2637 quia
532 2581 707 2637 dignum
754 2583 880 2635 atque
924 2579 1145 2633 indignum
1195 2581 1379 2633 nequeat
1428 2578 1725 2618 internoscere.
1794 2573 1903 2616 Sunt

386 2655 531 2695 autem
569 2652 642 2694 alii
685 2650 951 2706 philosophi,
989 2650 1060 2704 qui
1105 2651 1253 2692 contra
1290 2648 1522 2691 Fortunam
1569 2649 1718 2700 ozeyant
1754 2643 1901 2686 Ullam

386 2725 585 2766 miseram
611 2724 656 2765 in
680 2723 798 2765 rebus
823 2735 915 2776 esse,
945 2721 1236 2763 Temeritatem
1263 2735 1354 2761 esse
1381 2717 1625 2760 autumant?
1668 2715 1830 2765 Quibus
1857 2715 1902 2756 in

389 2795 579 2836 uersibus
608 2809 680 2836 sex
713 2807 956 2848 synonyma
988 2795 1214 2847 postquam
1249 2790 1514 2844 consumpsit
1545 2790 1682 2843 poeta,
1715 2786 1765 2827 ad
1798 2785 1902 2826 illud

391 2866 503 2919 quod
535 2866 621 2906 ian]
655 2868 936 2918 usurpauerat
967 2866 1186 2905 autumant
1216 2862 1342 2903 rediit
1376 2861 1502 2902 sicuti
1533 2860 1578 2900 in
1611 2856 1824 2899 rhetorica
1850 2856 1903 2897 ad

390 2936 485 2978 Her.
506 2937 531 2977 1.
554 2951 583 2976 s.
606 2936 657 2977 ad
678 2935 783 2976 illud
805 2934 916 2990 quod
937 2934 1122 2988 primum
1142 2935 1350 2988 posuerat
1375 2932 1693 2974 demonstratum
1713 2931 1769 2969 est
1794 2927 1905 2968 redit
