2003 3116
683 108 1050 142 PROLEGOMENA.
1567 107 1593 148 6
1600 108 1619 147 1

104 218 170 256 est
194 215 399 258 transitio
424 216 525 271 quia
549 216 653 257 facit
679 216 999 258 obscuritatem:
1032 231 1134 257 nam
1160 216 1299 258 uoluit
1327 216 1463 258 dicere
1489 216 1623 257 lucili:

102 287 174 328 sed
207 287 346 328 diuisa
379 288 545 342 syllaba
579 287 741 328 addidit
768 302 788 329 c
818 303 844 328 a
868 289 999 329 uerbo
1032 287 1273 329 remotum'.
1318 287 1376 328 Et
1401 286 1463 328 IV
1477 286 1548 341 54,
1568 287 1621 328 67

104 357 299 400 scholion
338 362 418 400 est:
461 358 667 400 ‘Gracchi
706 360 1035 412 memento]
1075 357 1295 401 Gracchus
1334 361 1455 413 pater
1494 358 1623 399 emilii

105 430 147 469 et
172 427 265 470 Caii
292 428 570 483 graccorum',
603 429 732 470 editio
762 429 910 470 habet:
943 430 1162 471 stultitiam
1186 442 1301 471 nosce
1322 429 1487 483 yrcoechz'
1513 429 1623 470 unde

104 502 283 553 apparet
316 500 669 541 commentarium
702 514 789 540 non
817 500 868 540 ad
895 500 1005 541 hanc
1031 500 1261 542 editionem
1291 501 1362 541 sed
1389 501 1440 542 ad
1467 501 1623 542 librum

103 571 442 624 manuscriptum
480 571 692 624 pertinere
728 571 800 625 qui
839 572 1043 625 praebeat
1073 572 1098 612 l.
1132 587 1162 612 s.
1197 571 1413 613 ‘stultitiae
1448 572 1626 615 Gracchi

101 644 294 682 memento
338 640 426 682 cod.
466 641 497 681 ll
536 641 701 684 similis.
765 641 929 683 Tamen
979 645 1092 683 recte
1144 643 1216 683 ille
1262 643 1314 684 ad
1361 643 1429 695 55,
1459 644 1513 686 68
1556 644 1623 685 hic

100 712 367 753 subsellium:
414 712 503 753 ‘hic
541 713 722 768 nasica',
767 713 947 767 denique
988 714 1037 754 ad
1077 713 1228 768 54,68
1269 713 1416 756 emodo
1459 716 1623 767 consul]

99 783 269 824 uidetur
306 783 443 824 dicere
482 783 532 824 de
571 783 733 825 maiore
773 781 948 840 (scribas
980 782 1150 840 mario).
1194 784 1239 825 in
1273 786 1361 826 asie
1393 786 1624 839 proficisci-

99 858 187 895 tur:
231 853 433 908 quoniam
473 854 523 894 de
562 855 819 896 minturnesi
861 855 1016 910 palude
1054 855 1178 910 fugit.
1228 859 1328 911 post
1371 857 1622 912 imperator]

100 927 200 980 quia
236 939 331 967 cum
370 926 557 967 exercitu
594 941 758 967 romam
798 926 938 967 uenit’
977 927 1087 968 unde
1127 931 1307 982 apparet
1339 928 1497 969 editum
1532 931 1623 970 esse

99 997 223 1038 illum
269 996 621 1038 commentarium
667 997 772 1038 satis
818 998 1096 1052 neglegenter
1139 1001 1182 1039 et
1226 999 1335 1040 hanc
1381 999 1497 1040 illius
1540 1000 1623 1041 loci

101 1068 429 1123 explicationem
474 1071 633 1109 rectam
673 1084 801 1123 quam
840 1068 976 1110 denuo
1015 1069 1097 1110 uiri
1136 1070 1251 1111 docti
1295 1070 1420 1111 huius
1467 1072 1623 1112 saeculi

99 1140 371 1193 protulerunt
406 1140 492 1180 iam
531 1154 638 1182 saec.
671 1139 752 1181 XV
779 1141 1018 1196 inuentam,
1057 1144 1209 1195 postea
1249 1142 1465 1184 obliuione
1502 1143 1625 1184 obru-

99 1215 188 1252 tam
222 1225 324 1252 esse.

218 1283 345 1324 Anno
381 1284 490 1324 1491
527 1298 681 1324 nouam
714 1284 851 1325 lucem
884 1284 1123 1326 rhetoricae
1156 1284 1206 1325 ad
1235 1284 1335 1326 Her.
1371 1286 1515 1327 attulit
1541 1285 1622 1327 Ra-

100 1353 225 1407 phael
259 1353 419 1409 Regius
446 1353 616 1396 Patauii
644 1357 686 1396 et
708 1354 903 1396 Venetiis
932 1356 1004 1411 qui
1038 1356 1218 1397 docebat
1247 1356 1293 1397 in
1319 1357 1622 1399 dissertatione

100 1425 308 1479 inscripta
347 1424 523 1467 eUtrum
548 1441 630 1474 ¹ars
671 1427 888 1469 rhetorica
926 1427 978 1468 ad
1015 1427 1250 1469 Herenium
1283 1426 1477 1470 Ciceroni
1515 1429 1624 1470 falso

100 1496 383 1537 inscribatur'
422 1511 529 1551 quae
568 1498 645 1540 illo
685 1513 796 1540 anno
830 1498 945 1540 edita
984 1502 1049 1540 est
1082 1499 1274 1541 Venetiis
1308 1514 1404 1541 cum
1437 1500 1623 1542 eiusdem

101 1568 289 1609 auctoris
328 1565 397 1609 GC·
441 1568 725 1622 problematis
771 1569 816 1610 in
860 1570 1044 1611 totidem
1084 1571 1371 1613 institutionis
1412 1572 1624 1613 oratoriae

101 1638 353 1687 Quintiliani
380 1639 724 1694 deprauationes.
771 1640 852 1690 Qui
880 1656 975 1683 cum
998 1641 1254 1691 Quintiliani
1278 1643 1624 1697 interpretationi

101 1724 275 1764 operam
307 1711 428 1752 daret
458 1726 584 1766 quem
617 1715 769 1766 postea
801 1712 933 1753 edidit
967 1716 1010 1754 et
1037 1713 1264 1755 adnotauit
1282 1712 1479 1755 Venetiis
1509 1714 1623 1755 1493

99 1782 225 1823 facile
257 1782 505 1837 intellegere
537 1786 678 1837 potuit
708 1784 788 1825 hoc
821 1798 927 1838 opus
961 1784 1123 1826 rhetori
1150 1785 1400 1827 doctissimo
1428 1788 1470 1826 et
1491 1785 1623 1826 Tullii

101 1853 399 1895 amantissimo
437 1854 658 1908 cognitum
697 1869 792 1896 non·
830 1855 981 1896 fuisse:
1024 1859 1246 1910 praeterea
1289 1859 1403 1898 recte
1447 1858 1626 1913 agnouit

101 1925 249 1966 stilum
279 1928 322 1966 et
347 1925 640 1967 characterem
667 1926 833 1967 dicendi
861 1942 885 1967 a
910 1926 1110 1968 Tulliano
1138 1927 1306 1982 eloquio
1333 1929 1461 1983 plane
1488 1929 1624 1970 diuer-

101 2011 206 2038 sum.
257 1996 366 2037 Tum
398 2000 513 2038 recte
544 1997 703 2038 librum
736 2012 788 2039 ne
821 1996 961 2039 Gellio
995 1999 1165 2052 quidem
1196 1999 1328 2041 Tullii
1361 2015 1451 2042 esse
1484 2000 1623 2042 uisum

100 2068 199 2109 inde
231 2068 398 2123 colligit
430 2068 542 2122 quod
574 2068 647 2109 ille
678 2067 787 2110 XIII
813 2069 839 2110 6
875 2068 940 2109 ‘id
972 2070 1266 2123 uocabulum'‚
1297 2071 1457 2126 inquit,
1489 2071 1623 2126 ‘quod

100 2139 255 2180 dicitur
292 2139 423 2193 uulgo
463 2139 773 2194 barbarismus,
815 2140 886 2195 qui
925 2143 1026 2181 ante
1064 2141 1255 2196 Augusti
1294 2145 1478 2183 aetatem
1518 2157 1623 2196 pure

102 2212 228 2264 atque
254 2210 419 2264 integre
445 2211 578 2252 locuti
604 2214 703 2253 sunt
730 2226 786 2252 an
812 2211 998 2253 dixerint
1022 2213 1211 2253 nondum
1233 2213 1427 2268 equidem
1450 2214 1624 2255 inueni’.

100 2281 234 2336 Atqui
261 2281 314 2322 ad
341 2280 442 2324 Her.
469 2281 532 2323 IV
555 2283 621 2336 12,
638 2283 690 2324 17
718 2286 761 2324 et
787 2283 1079 2325 barbarismus
1113 2287 1377 2326 memoratur
1409 2287 1452 2326 et
1485 2286 1618 2327 soloe-

100 2353 258 2394 cismus
290 2367 428 2408 neque
466 2354 561 2395 ideo
597 2354 703 2395 illud
737 2358 1037 2410 argumentum
1070 2356 1212 2397 minus
1245 2356 1514 2411 probandum
1547 2360 1624 2411 est,

101 2423 213 2478 quod
252 2424 302 2465 de
340 2440 419 2466 usu
458 2426 657 2467 uocabuli
695 2426 974 2469 soloecismus
1014 2428 1125 2482 quod
1170 2429 1397 2483 usurpauit
1434 2428 1623 2470 Lucilius

98 2494 210 2535 FPR
248 2510 286 2549 p.
315 2497 401 2537 174
445 2500 559 2539 errat
601 2497 713 2539 idem
753 2496 917 2540 Gellius
946 2498 985 2539 V
1014 2500 1086 2540 20.
1136 2499 1276 2553 Atque
1321 2500 1485 2541 utinam
1533 2515 1624 2541 sese

101 2567 217 2607 intra
266 2566 375 2608 hanc
427 2567 759 2622 disputationem
811 2570 1098 2611 continuisset
1146 2570 1326 2625 Regius:
1377 2586 1476 2612 nam
1517 2571 1622 2612 haec

102 2641 356 2692 argumenta
383 2639 627 2681 etiamnunc
655 2643 772 2681 stant
799 2640 1058 2683 firmissima.
1111 2639 1194 2682 Sed
1226 2642 1338 2682 idem
1372 2643 1416 2683 in
1450 2645 1623 2684 auctore

100 2709 356 2751 inueniendo
402 2712 444 2751 et
487 2711 708 2752 uacillauit
748 2714 790 2753 et
829 2711 1055 2753 fluctuauit
1094 2712 1177 2754 huc
1218 2713 1319 2754 illuc
1357 2727 1452 2754 cum
1496 2714 1622 2755 modo

101 2784 318 2822 auctorem
345 2796 438 2823 esse
463 2781 577 2823 dicat
604 2781 876 2824 Cornificium
906 2783 979 2837 qui
1005 2783 1148 2825 nescio
1175 2799 1259 2838 quo
1288 2786 1483 2840 tempore
1509 2786 1621 2826 uixe-

99 2852 158 2893 rit
190 2853 314 2894 modo
342 2853 594 2908 Verginium
628 2853 809 2895 Flauum
842 2855 914 2909 qui
951 2855 1028 2896 sub
1062 2853 1231 2897 Nerone
1264 2856 1391 2897 modo
1424 2860 1490 2898 sat
1522 2857 1621 2898 ridi-

1650 1285 1694 1310 Dc
1715 1286 1879 1317 Raphaelis

1644 1322 1734 1352 Regii
1761 1325 1790 1346 ct
1810 1322 1889 1346 Lau-

1656 1358 1748 1382 rentii
1771 1358 1874 1382 Vanae

1707 1393 1826 1418 studiis.
