2003 3116
663 110 1034 143 PROLEGOMENA.
1548 109 1603 150 63

78 219 244 261 rentius
290 218 420 261 Valla
465 218 598 260 edidit
641 218 954 260 inuectiuarum
1001 232 1076 259 seu
1118 217 1514 259 recriminationum
1558 217 1603 258 in

78 289 456 345 Barptolemaeum
493 289 669 332 Facium
708 290 910 345 Ligurem
956 290 1089 332 libros
1122 288 1187 331 IV
1222 304 1326 344 quos
1372 291 1604 344 antequam

79 364 359 416 componeret
391 361 714 403 contentissimo
749 361 890 403 studio
917 361 1074 403 librum
1106 360 1156 402 de
1182 360 1395 402 rhetorica
1421 360 1473 402 ad
1498 359 1600 402 Her.

80 433 396 487 conscripserat
445 435 488 473 et
537 431 666 474 Facio
721 431 978 487 inspiciundi
1034 432 1199 486 copiam
1255 431 1433 474 fecerat:
1491 431 1603 474 conf.

77 502 330 546 JVahlenus
353 503 645 558 Sitzungsber.
667 503 888 545 derWien.
903 501 1043 544 Akad.
1064 502 1181 544 dW.
1197 503 1265 557 61,
1282 503 1394 545 1869
1415 503 1535 558 p.58.
1548 503 1602 544 66

79 573 303 616 Laurentii
336 574 488 616 Vallae
527 589 657 629 opera
695 575 842 615 omnia
880 574 1010 615 Basil.
1047 574 1160 615 1540
1191 589 1232 628 p.
1265 574 1349 615 628
1388 574 1462 615 ubi
1499 574 1604 615 haec

78 645 281 700 leguntur
313 649 381 687 sat
412 648 633 700 corrupta:
667 645 844 687 ‘Verum
872 649 920 687 ut
948 645 1028 686 tibi
1060 645 1355 699 respondeam,
1385 645 1459 686 ubi
1486 644 1603 687 Cice-

10 747 16 752 .
78 717 171 758 roni
198 717 395 759 detraxi?
435 717 502 758 An
531 717 643 772 quod
676 717 722 758 in
754 717 900 758 libello
935 731 1061 771 quem
1092 717 1173 757 tibi
1200 716 1380 771 ostendi,
1412 717 1600 758 nondum

79 787 207 842 edito,
237 788 312 830 ubi
337 788 507 842 parcius
535 788 586 829 de
618 788 713 830 loco
741 789 926 843 quodam
959 787 1199 830 rhetoricae
1226 788 1474 842 disputaui‘?
1522 786 1604 829 Sed

77 861 124 900 tu
168 859 324 914 ubique
368 875 455 902 non
499 859 625 901 modo
664 860 708 901 in
746 860 884 901 maius
929 859 1103 900 extollis
1149 859 1310 912 omnia,
1356 858 1429 900 sed
1475 859 1602 900 etiam

77 931 285 973 mentiris.
335 931 431 987 Ego
463 932 509 973 in
535 946 583 973 eo
611 946 737 987 opere
768 931 888 973 uolui
920 931 1103 985 probare
1131 928 1380 973 Ciceronem
1414 930 1601 972 nondum

79 1016 223 1044 senem
248 1003 292 1043 in
325 1003 544 1056 prooemio
577 1004 720 1058 quarti
752 1003 853 1044 libri
886 1002 938 1043 ad
968 1001 1234 1043 Herennium
1267 1016 1349 1056 quo
1384 1001 1436 1043 ab
1470 1002 1602 1043 omni-

76 1072 155 1114 bus
195 1073 369 1115 Graecis
408 1074 652 1116 rhetoribus
691 1074 869 1115 dissidet
907 1072 988 1129 (ita
1024 1074 1186 1127 scripsi:
1227 1073 1407 1115 dixisset
1450 1072 1602 1127 mclyo),

77 1143 285 1199 Isocrate,
324 1145 576 1200 Aristotele,
614 1145 915 1200 Theophrasto
956 1145 1238 1199 caeterisque,
1284 1160 1308 1185 a
1356 1160 1400 1186 se
1438 1159 1604 1199 quoque

79 1229 176 1256 sene
210 1215 427 1270 dissidere,
459 1217 531 1271 qui
564 1217 609 1257 in
642 1217 817 1271 reliquis
846 1216 952 1257 artis
978 1216 1216 1258 rhetoricae
1244 1216 1366 1258 libris
1392 1230 1470 1258 nec
1497 1215 1602 1257 facit

77 1286 189 1328 idem
220 1301 297 1328 nec
329 1288 552 1342 praecipit,
583 1291 808 1342 praeterea
835 1303 859 1329 a
885 1287 1050 1329 Latinis
1083 1288 1296 1329 uniuersis
1329 1290 1370 1329 et
1397 1287 1469 1342 qui
1505 1290 1603 1328 ante

77 1358 217 1411 ipsum
250 1361 292 1399 et
324 1359 398 1413 qui
430 1362 582 1413 postea
612 1360 802 1400 fuerunt:
841 1359 886 1400 in
919 1374 1002 1414 quo
1043 1359 1298 1400 modestiam
1332 1373 1471 1400 meam
1504 1358 1606 1399 licet

77 1428 235 1483 uideas,
268 1430 335 1471 uir
366 1430 756 1485 immodestissime,
789 1430 902 1485 quod
933 1445 1015 1472 non
1051 1445 1146 1471 mea
1177 1445 1376 1486 persona,
1408 1429 1482 1471 sed
1514 1430 1605 1471 illo-

77 1514 173 1540 rum
204 1501 397 1555 ipsorum
426 1516 606 1556 quorum
640 1517 767 1544 causa
800 1502 966 1544 locutus
1000 1502 1109 1543 sum'
1143 1501 1226 1558 (hic
1251 1503 1380 1544 deesse
1404 1501 1605 1543 nonnulla

76 1570 297 1629 uidentur).
348 1573 544 1615 Alterum
583 1574 777 1616 libellum
814 1589 944 1628 quem
982 1588 1058 1628 per
1097 1574 1267 1615 eosdem
1301 1573 1391 1614 dies
1431 1572 1602 1614 ostendi

78 1642 222 1684 differs
265 1646 313 1685 ut
352 1647 418 1685 est
456 1642 519 1701 (es
551 1643 694 1701 uulyo)
732 1644 1062 1699 incompositus.
1125 1644 1310 1686 Graecos
1356 1644 1605 1698 interponiS,

77 1713 130 1754 ad
162 1713 516 1772 dialecticamque
550 1716 800 1759 reuolueris’
834 1730 867 1758 e.
894 1731 931 1771 q.
959 1731 1009 1759 s.:
1048 1715 1157 1758 conf.
1188 1732 1229 1771 p.
1262 1715 1349 1757 462
1382 1715 1483 1757 med.
1546 1715 1604 1756 Hi

77 1784 178 1826 libri
224 1786 425 1829 uidentur
470 1791 544 1830 aut
586 1788 766 1843 periisse
811 1790 885 1829 aut
930 1788 982 1829 ab
1028 1790 1202 1829 auctore
1241 1787 1460 1842 suppressi
1495 1801 1605 1828 esse:

75 1870 175 1898 nam
213 1858 258 1899 in
297 1858 433 1901 altero
477 1860 751 1902 commiserat
792 1863 841 1901 ut
885 1859 1064 1901 uerbum
1103 1860 1344 1913 parciturus
1383 1858 1607 1900 adhiberet

77 1928 130 1969 ab
156 1928 340 1971 inimicis
367 1933 520 1985 postea
546 1932 731 1973 multum
758 1931 963 1972 derisum:
991 1930 1100 1972 conf.
1121 1945 1160 1984 p.
1181 1930 1282 1972 462.
1333 1929 1429 1985 Ego
1458 1945 1603 1984 quam-

77 2013 206 2054 quam
244 2015 294 2042 ex
334 2000 553 2044 Laurentii
591 2003 791 2057 operibus
831 2002 1127 2044 demonstrare
1166 2016 1254 2043 non
1293 2015 1471 2056 possum
1509 2015 1605 2041 eum

75 2070 333 2114 rhetoricam
368 2074 420 2115 ad
447 2074 546 2115 Her.
579 2076 628 2115 ut
660 2074 854 2128 spurium
881 2073 1013 2115 Tullii
1045 2088 1152 2127 opus
1185 2072 1424 2127 damnasse,
1458 2076 1604 2113 tamen

75 2155 163 2182 non
211 2142 350 2185 habeo
402 2158 476 2185 cur
518 2144 705 2200 Regium
755 2144 910 2186 erroris
961 2144 1227 2186 conuincam.
1289 2142 1438 2198 Neque
1491 2143 1602 2184 enim

77 2212 307 2267 quidquam
348 2215 616 2269 probabilius
660 2230 788 2271 quam
830 2215 1014 2257 alterum
1060 2215 1184 2257 illum
1223 2214 1422 2255 libellum
1454 2214 1606 2256 Vallae

77 2298 202 2338 quem
227 2289 437 2327 memorat
461 2286 623 2341 Regius
658 2290 734 2329 aut
766 2302 868 2329 casu
900 2288 1080 2341 periisse
1115 2286 1241 2329 sicuti
1273 2286 1384 2328 alios
1417 2286 1605 2327 eiusdem

76 2356 263 2398 auctoris
296 2358 533 2411 permultos
567 2362 640 2399 aut
673 2359 726 2400 ab
760 2362 933 2401 auctore
967 2373 1245 2413 suppressum
1279 2372 1371 2400 esse
1402 2358 1604 2413 Regium-

76 2441 156 2482 que
194 2427 431 2470 etiamtunc
468 2429 657 2484 aliquam
697 2430 842 2472 iudicii
880 2430 997 2472 illius
1030 2431 1143 2485 quod
1176 2429 1305 2472 Valla
1338 2430 1497 2471 tulerat
1529 2429 1602 2470 ha—

76 2497 220 2539 buisse
254 2500 478 2542 scientiam
512 2504 555 2542 et
587 2502 894 2557 cognitionem,
929 2517 1025 2544 cum
1059 2504 1101 2544 et
1135 2502 1374 2544 studiorum
1407 2501 1604 2542 similitu-

76 2569 171 2610 dine
215 2573 258 2611 et
300 2571 581 2624 professionis
627 2573 840 2614 artissime
886 2587 982 2614 cum
1033 2573 1108 2614 illo
1153 2572 1283 2614 fuerit
1333 2572 1604 2614 coniunctus:

74 2641 177 2695 quin
217 2641 347 2683 etiam
381 2642 536 2684 Vallae
575 2643 713 2684 multa
752 2644 1013 2699 arguebatur
1052 2644 1291 2699 sublegisse
1323 2643 1483 2698 Regius
1523 2658 1606 2697 qua

75 2711 125 2753 de
156 2727 200 2753 re
233 2713 347 2755 conf.
381 2713 634 2763 Quintilian.
667 2714 766 2756 edit.
800 2714 1020 2770 Spalding.
1052 2715 1136 2756 uol.
1167 2714 1189 2755 I
1221 2730 1259 2769 p.
1280 2714 1455 2756 LXVII.
1500 2714 1604 2763 Quis

75 2783 188 2824 enim
220 2785 360 2840 magis
391 2788 674 2840 praeparatus
709 2789 752 2828 et
782 2787 1016 2828 instructus
1049 2786 1219 2827 uidetur
1249 2785 1383 2827 fuisse
1411 2785 1464 2826 ad
1490 2786 1600 2827 hanc

74 2855 371 2908 quaestionem
423 2857 673 2899 soluendam
725 2872 854 2912 quam
892 2857 1021 2899 Valla
1063 2856 1158 2913 ille,
1202 2858 1274 2912 qui
1311 2858 1338 2900 l.
1375 2872 1408 2900 S.
1438 2872 1478 2912 p.
1509 2857 1594 2898 477
