2003 3116
329 145 385 185 40
899 140 1265 174 PROLEGOMENA.

330 254 570 307 intelleget:
620 264 727 304 quae
772 253 815 290 et
858 250 953 302 ipsa
995 248 1181 288 testatur
1224 247 1270 287 in
1315 246 1545 302 archetypo
1590 247 1846 288 uocabulum

331 324 436 365 ratio
471 321 598 363 fuisse
626 319 842 374 scriptum.
894 317 1014 367 Quod
1041 317 1299 359 uocabulum
1324 319 1469 358 tamen
1501 317 1587 358 bld
1618 318 1664 358 in
1694 317 1847 372 quibus

331 395 482 436 lacuna
512 393 625 432 recte
666 390 835 444 expleta
867 391 933 430 est
966 388 1173 431 omittunt
1209 388 1332 430 nulla
1364 388 1448 429 alia
1480 387 1530 429 de
1562 402 1696 430 causa,
1721 403 1848 443 quam

332 459 443 518 quo'd
468 461 581 502 idem
607 460 865 502 uocabulum
894 459 940 501 in
971 459 1095 501 initio
1128 462 1171 500 et
1201 459 1246 500 in
1277 459 1360 500 fine
1386 459 1674 513 supplementi
1706 459 1848 500 uersui

332 535 534 575 lacunoso
569 531 847 586 superscripti
878 531 1068 586 positum
1101 531 1268 585 decepit
1297 530 1520 572 librarium
1547 529 1693 572 eodem
1725 529 1850 571 modo

333 618 416 659 quo
445 618 529 658 qua
555 603 604 644 de
631 617 674 644 re
702 602 810 644 conf.
839 617 968 657 supra
998 617 1038 656 p.
1066 601 1120 643 39
1154 602 1354 643 librarius
1387 601 1477 643 cod.
1503 601 1723 643 Leidensis
1749 601 1775 642 3
1808 601 1851 641 in

330 675 483 716 lacuna
515 673 750 729 supplenda
783 673 941 716 omisit·
963 673 1144 714 alterum
1185 672 1290 714 illud
1328 673 1522 715 adducat:
1560 673 1701 714 locum
1741 675 1853 713 recte

333 745 596 800 scripserunt
635 744 777 787 addito
817 759 868 785 ex
907 744 1153 786 coniectura
1192 743 1404 785 uocabulo
1448 745 1555 785 ratio
1596 743 1712 786 codd.
1743 742 1854 785 Vos-

334 818 479 859 sianus
515 818 535 857 1
576 815 797 858 Leidensis
832 817 868 857 1.
929 814 1093 856 Eadem
1133 815 1183 857 de
1222 829 1350 856 causa
1387 813 1449 856 IV
1486 815 1558 869 12,
1587 815 1638 856 18
1677 814 1721 855 111
1760 815 1854 856 1060

334 892 447 932 recte
490 887 659 943 expleto
706 887 910 929 omittunt
955 885 1074 928 codd.
1109 892 1144 927 Ε
1186 886 1318 927 uerba
1360 886 1575 928 uerborum
1618 886 1855 928 constructio

335 974 442 1015 quae
486 959 530 1001 in
575 959 665 1001 cod.
699 965 745 1001 M
784 957 916 1000 fuisse
957 957 1226 1011 corruptelae
1268 957 1617 1012 apographorum
1661 957 1862 999 euincunt

333 1046 470 1086 neque
510 1030 594 1072 alia
634 1029 683 1071 de
724 1044 852 1071 causa
890 1029 1054 1071 factum
1092 1031 1158 1070 est
1191 1028 1303 1083 quod
1335 1029 1379 1070 in
1417 1028 1523 1070 locis
1556 1028 1629 1083 qui
1660 1027 1704 1069 in
1743 1027 1862 1071 codd.

335 1102 420 1145 bld
450 1101 663 1144 emendati
689 1104 790 1143 sunt
824 1100 1105 1142 multifariam
1132 1101 1362 1142 uerborum
1389 1099 1617 1142 collocatio
1644 1099 1862 1141 inuenitur

337 1176 501 1215 mutata
540 1173 673 1214 ueluti
711 1172 754 1212 Π
787 1172 862 1225 22,
889 1172 945 1213 34
985 1174 1115 1213 mater
1152 1174 1209 1213 est
1240 1171 1403 1213 habent
1434 1171 1486 1212 bl
1523 1185 1601 1226 pro
1641 1174 1697 1212 est
1733 1173 1862 1212 mater

336 1244 447 1299 quod
491 1243 572 1285 fuit
608 1244 652 1284 in
689 1249 749 1298 M,
796 1242 859 1284 IV
885 1244 962 1297 44,
989 1242 1042 1284 57
1083 1243 1128 1283 111
1165 1241 1252 1284 bld
1291 1246 1355 1284 est
1392 1256 1540 1284 nomen
1574 1243 1742 1295 patriae
1783 1256 1861 1297 pro

330 1317 498 1368 patriae
545 1328 707 1368 nomen,
757 1315 833 1369 48,
867 1314 921 1355 61
968 1313 1149 1355 caelestes
1198 1312 1310 1355 falso
1360 1315 1455 1355 loco
1501 1313 1691 1367 positum
1737 1312 1863 1354 sicuti

338 1387 405 1442 56,
432 1387 486 1428 69
521 1385 764 1435 elocutionis,
797 1385 837 1438 4,
864 1385 887 1425 7
922 1384 1181 1426 uocabulum
1213 1383 1349 1425 Ennii
1380 1383 1466 1425 alio
1500 1383 1596 1425 loco
1629 1383 1673 1424 in
1707 1383 1748 1437 b,
1779 1382 1861 1424 alio

339 1459 384 1500 in
417 1457 469 1499 ld
495 1457 685 1512 positum
711 1441 892 1511 est,⁰28,
919 1455 973 1498 39
1006 1469 1083 1509 pro
1110 1455 1271 1497 (lictum
1302 1457 1416 1496 recte
1445 1455 1497 1496 bl
1530 1454 1674 1510 posuit
1699 1455 1864 1508 pictura

340 1529 412 1572 sed
451 1528 597 1571 omisit
635 1527 701 1569 bis
747 1526 926 1569 eandem
969 1541 1127 1581 ponere
1172 1540 1321 1568 uocem
1367 1526 1478 1580 quod
1523 1540 1574 1566 ex
1619 1525 1866 1567 coniectura

340 1601 444 1644 fecit
482 1600 570 1642 cod.
598 1598 835 1641 Vossianus
870 1599 891 1640 1
934 1601 976 1639 et
1015 1597 1156 1651 editt,
1195 1597 1270 1651 54,
1298 1597 1351 1639 68
1391 1598 1524 1638 uerba
1557 1596 1693 1649 factus
1730 1600 1787 1639 est
1821 1598 1865 1637 in

340 1673 435 1714 loco
470 1673 670 1724 corrupto
713 1673 755 1711 et
796 1672 962 1711 mutato
1002 1669 1211 1710 omittunt
1248 1669 1299 1709 bl
1338 1667 1420 1722 vol,
1447 1668 1521 1722 52,
1548 1668 1603 1710 65
1635 1674 1680 1710 Μ
1715 1668 1868 1710 habuit

344 1744 415 1786 m'oe
439 1756 541 1793 mea,
567 1741 653 1783 bld
678 1744 792 1784 recte
820 1740 892 1782 sed
917 1754 1120 1795 peruerso
1149 1739 1295 1781 ordine
1315 1753 1404 1781 mea
1429 1753 1522 1790 uox,
1558 1738 1602 1780 II
1623 1739 1691 1794 30,
1711 1739 1766 1780 49
1793 1739 1866 1781 1116

341 1828 506 1858 sacrmn
540 1814 681 1864 ledere,
722 1813 773 1854 bl
812 1812 935 1867 Zeyere
972 1824 1146 1853 sacrum.
1209 1811 1268 1852 At
1306 1810 1369 1852 IV
1404 1811 1476 1864 16,
1508 1811 1563 1852 23
1605 1810 1649 1851 111
1687 1817 1733 1852 M
1770 1825 1865 1854 cum

344 1886 474 1928 fuerit
512 1888 677 1927 cautum
715 1897 796 1926 esse
832 1897 910 1938 pro
949 1886 1105 1925 castum
1142 1895 1222 1925 6336
1260 1897 1344 1937 qua
1375 1882 1424 1923 de
1458 1881 1704 1923 confusione
1738 1896 1867 1937 supra

343 1972 382 2011 p.
404 1957 460 1998 22
487 1956 665 2011 egimus,
696 1956 710 1996 l
735 1955 881 2010 posuit
912 1967 993 1997 6336
1023 1957 1192 2008 castum,
1224 1954 1250 1995 b
1283 1966 1364 1995 6336
1388 1956 1552 1994 cautmn
1579 1967 1661 2007 qua
1687 1954 1868 1995 lectione

346 2043 467 2069 suam
507 2030 653 2081 aperte
693 2026 906 2082 originem
945 2025 1185 2067 confitetur.
1248 2024 1369 2073 Quod
1400 2023 1446 2065 in
1477 2024 1492 2064 1
1525 2027 1567 2065 et
1599 2024 1624 2065 d
1657 2023 1773 2066 codd.
1807 2024 1869 2065 ita

346 2113 472 2154 saepe
506 2098 662 2140 accidit
693 2100 741 2139 ut
772 2112 860 2139 non
891 2111 996 2151 opus
1031 2096 1088 2138 sit
1114 2096 1305 2151 singulos
1332 2095 1529 2149 deinceps
1556 2095 1672 2137 locos
1700 2110 1870 2137 enume-

345 2185 451 2213 rare.
514 2167 617 2212 Cod.
658 2169 685 2211 b
724 2169 976 2223 plerumque
1014 2168 1220 2210 lectiones
1260 2167 1409 2208 classis
1446 2172 1492 2208 M
1536 2166 1659 2207 illata
1697 2166 1869 2207 alterius

345 2241 608 2284 recensionis
642 2240 854 2295 scriptura
886 2239 1069 2294 expulit,
1108 2238 1299 2280 seruauit
1329 2240 1476 2279 tamen
1514 2237 1610 2278 illas
1647 2251 1726 2290 pro
1767 2236 1875 2278 alias

346 2313 388 2354 H
419 2314 465 2367 4,
491 2312 516 2354 6
550 2311 660 2354 conf.
694 2325 821 2366 supra
852 2326 893 2365 p.
921 2310 995 2363 29,
1033 2309 1094 2352 IV
1130 2309 1202 2363 19,
1228 2309 1283 2350 26
1315 2311 1429 2361 potes
1461 2307 1592 2349 habet
1623 2307 1749 2348 sicuti
1782 2306 1875 2360 PB,

347 2384 411 2425 111
440 2384 507 2438 19,
534 2384 589 2426 32
621 2390 667 2425 Μ
692 2382 847 2424 habuit
878 2382 1040 2424 idoneos
1072 2382 1174 2423 10603
1204 2394 1428 2434 conparare
1459 2382 1593 2420 tamen
1623 2379 1660 2420 sc'
1698 2378 1721 2428 ί]
1758 2378 1815 2419 ad
1844 2379 1881 2419 is

350 2456 508 2498 idoneos
546 2469 579 2496 6.
607 2469 644 2510 q.
671 2470 720 2508 s.,
759 2453 833 2495 ubi
871 2468 946 2507 pro
985 2453 1041 2494 ad
1077 2453 1111 2494 is
1149 2451 1183 2493 P
1216 2466 1345 2493 manu
1376 2451 1402 2492 2
1443 2453 1485 2492 et
1520 2452 1568 2490 Π
1602 2463 1780 2504 posuere
1820 2449 1876 2490 αιῖ

348 2528 444 2582 ista,
483 2526 509 2568 b
544 2529 587 2567 et
618 2525 728 2567 hanc
766 2524 1144 2579 interpolationem
1183 2523 1323 2564 alieno
1358 2525 1399 2564 et
1436 2536 1582 2563 ueram
1618 2520 1872 2574 scripturam

351 2613 425 2640 suo
465 2598 558 2639 loco
592 2597 738 2652 posuit
770 2611 864 2638 611111
897 2595 1055 2637 habeat
1095 2596 1252 2637 idoneos
1288 2595 1344 2636 ad
1379 2594 1460 2635 ista
1499 2593 1601 2635 locos
1639 2605 1875 2644 comparare

353 2674 487 2712 tamen
517 2670 554 2711 si
585 2670 676 2723 quis
706 2670 808 2711 satis
838 2668 1000 2710 idoneos
1048 2682 1081 2709 6.
1107 2681 1144 2720 q.
1173 2682 1222 2708 s.:
1260 2664 1485 2720 permultis
1518 2667 1661 2706 autem
1693 2661 1798 2703 locis
1831 2661 1872 2702 id

353 2740 465 2795 quod
496 2741 582 2781 iam
616 2755 744 2795 supra
777 2738 960 2780 diximus
994 2753 1032 2792 p.
1060 2738 1115 2779 36
1150 2738 1275 2792 plane
1307 2751 1402 2778 cum
1429 2736 1470 2776 H
1503 2733 1728 2786 consentit,
1761 2733 1874 2774 conf.

352 2811 550 2864 inprimis
578 2810 788 2864 quomodo
815 2811 968 2851 lacuna
994 2808 1036 2850 II
1062 2809 1131 2863 20,
1158 2810 1210 2849 31
1247 2808 1304 2849 sit
1333 2807 1500 2861 expleta
1533 2809 1576 2846 et
1606 2803 1874 2858 prooemium

354 2881 755 2937 Gryphiswaldense
795 2880 1082 2922 academicum
1122 2879 1222 2920 anni
1257 2878 1365 2920 1891
1406 2893 1445 2931 p.
1472 2876 1545 2918 IX.
1607 2875 1756 2929 Itaque
1797 2888 1874 2915 1166
