2003 3116
712 139 1080 175 PROLEGOMENA.
1584 135 1668 176 165

145 262 242 290 cum
267 247 335 289 lex
361 247 501 289 Acilia
523 248 579 290 63
606 247 765 290 habeat
790 248 982 289 futurum
1009 248 1196 290 adessint.
1242 247 1437 302 Denique
1459 259 1509 286 ex
1528 244 1670 286 indole

145 322 188 360 et
218 321 375 360 natura
407 319 629 372 scriptoris
662 318 774 373 quod
802 318 1008 360 traditum
1034 322 1101 360 est
1125 318 1194 360 ΠΙ
1223 318 1290 372 15,
1310 319 1364 360 27
1399 316 1669 372 reposuimus

148 389 317 431 collatis
350 390 494 431 uerbis
538 390 694 431 eludere
730 392 773 431 et
810 389 1040 442 displudere
1077 387 1218 445 (Varr.
1238 404 1271 431 r.
1290 387 1444 441 r.115‚
1466 385 1512 442 8)
1545 401 1595 428 ex
1625 392 1672 428 M

142 461 412 515 subplusione,
442 459 505 502 IV
534 461 600 515 10,
624 461 677 502 14
709 474 759 500 ex
797 460 986 501 eiusdem
1025 460 1246 515 archetypi
1284 459 1543 502 auctoritate
1593 457 1672 499 ori-

143 532 267 574 culas.
330 531 479 585 Neque
511 533 657 572 tamen
685 531 747 571 ita
773 530 922 572 rudem
949 533 991 571 et
1016 531 1224 572 rusticum
1250 530 1384 572 fuisse
1413 529 1670 571 arbitramur

143 603 394 658 scriptorem
441 604 488 642 ut
530 616 626 642 eum
662 604 805 654 pretor
843 601 997 642 similia
1043 601 1265 656 scripsisse
1307 603 1549 643 statuamus
1587 599 1670 641 nisi

144 673 258 728 quod
290 674 334 714 in
367 672 587 715 uocabulis
621 672 858 726 peregrinis
892 672 1110 713 hominem
1139 671 1399 713 Graecarum
1427 671 1670 712 litterarum

144 746 362 799 expertem
394 758 482 785 non
515 741 830 798 diligentiorem
863 742 994 784 fuisse
1029 742 1288 784 arbitramur
1321 757 1448 796 quam
1482 742 1669 796 reliquos

143 814 234 857 eius
269 815 480 869 aequales.
543 812 683 863 Quare
726 827 821 855 cum
860 813 978 855 codd.
1011 827 1242 855 consensus
1274 811 1295 853 Ι
1315 813 1353 863 4,
1375 813 1400 853 6
1440 811 1504 853 ΙΙΙ
1524 813 1592 866 23,
1614 813 1668 853 39

142 885 402 941 scripturam
423 884 681 939 prohemium
714 886 897 926 testetur
929 898 1021 925 eam
1057 884 1322 925 seruauimus
1351 883 1668 924 considerantes

141 957 348 999 uocabula
376 957 608 1010 pomerium
641 955 805 998 Caelius
840 954 998 998 Coelius
1030 956 1208 998 Aesz'ona
1249 954 1513 1008 Clytemestra
1546 954 1670 994 sicuti

141 1027 358 1069 noluimus
392 1028 644 1082 scriptorem
685 1027 826 1082 ipsum
865 1027 1077 1081 corrigere
1110 1026 1154 1067 in
1191 1027 1390 1080 pedayoyz'
1421 1024 1483 1066 IV
1514 1025 1670 1078 10,14‚

141 1099 288 1152 tropeis
326 1099 399 1151 53,
423 1099 496 1145 60,
541 1112 636 1140 cum
690 1101 732 1139 et
777 1097 1027 1152 Pompeiani
1072 1098 1321 1152 scripserint
1365 1097 1532 1138 einedecs
1576 1093 1668 1137 CIL

140 1168 203 1211 IV
233 1170 358 1211 1772.
406 1168 538 1211 1775:
582 1182 771 1211 scaenam
817 1173 962 1210 tamen
1000 1168 1150 1211 Latine
1190 1169 1438 1224 scripsimus
1481 1167 1667 1221 optimos

140 1240 276 1282 libros
309 1240 445 1281 secuti
476 1239 497 1280 I
526 1242 593 1294 14,
614 1241 669 1282 24
703 1240 744 1281 H
776 1239 909 1294 13,19
945 1239 1006 1281 IV
1039 1240 1091 1281 10
1115 1240 1179 1281 14.

261 1310 326 1352 De
359 1311 623 1365 aspiratione
656 1311 865 1353 nonnulla
902 1312 989 1352 iam
1030 1325 1158 1365 supra
1196 1326 1235 1364 p.
1261 1310 1339 1352 131
1382 1307 1668 1363 exposuimus.

140 1381 192 1423 In
227 1396 311 1436 qua
345 1382 612 1424 admittenda
645 1383 828 1437 scriptor
861 1397 954 1424 cum
990 1381 1196 1424 Varronis
1234 1381 1426 1423 doctrina
1462 1393 1668 1421 nonnum-

145 1467 273 1508 quam
294 1454 529 1496 consentit:
557 1454 667 1496 conf.
696 1454 745 1496 A.
766 1454 1083 1495 WVilmannsius
1111 1453 1160 1494 de
1188 1452 1311 1494 Varr.
1338 1452 1460 1493 libris
1488 1465 1667 1506 gramm.

144 1540 183 1579 p.
213 1525 422 1580 182seqq.
475 1524 671 1580 Optimos
698 1526 832 1567 libros
860 1525 994 1567 secuti
1023 1525 1271 1579 scripsimus
1297 1524 1454 1578 ubique
1481 1522 1668 1576 Kartayo

147 1594 346 1650 Graecus,
384 1595 446 1637 IV
473 1596 540 1647 23,
561 1597 616 1638 32
658 1596 763 1637 alibi
788 1597 954 1650 pulcra,
983 1596 1239 1649 ymleritmlo,
1278 1596 1346 1645 48,
1367 1595 1420 1636 61
1456 1593 1669 1634 irzmdc'nes

143 1667 250 1709 conl.
283 1665 406 1708 Varr.
433 1667 483 1708 de
505 1667 529 1707 1.
552 1666 597 1708 L.
619 1666 656 1707 V
680 1666 755 1721 753
779 1667 847 1716 34,
868 1666 925 1708 46
958 1666 1210 1720 Ippolytum,
1244 1665 1453 1720 siquidem
1482 1664 1525 1705 P.
1548 1664 1668 1705 Plau-

143 1737 229 1778 tius
273 1732 455 1791 Yspsaeus
488 1752 579 1779 sese
615 1738 707 1792 ipse
744 1738 881 1779 uoluit
914 1737 1128 1779 nominari
1165 1735 1256 1778 CIL
1283 1736 1301 1776 I
1328 1737 1412 1778 467
1451 1738 1492 1777 et
1518 1737 1668 1789 Aynon

142 1808 312 1863 legatur
344 1807 508 1851 Cornel.
535 1807 641 1863 Nep.
668 1808 771 1850 XIX
793 1810 831 1863 3,
851 1809 890 1850 4.

261 1879 310 1920 In
345 1880 475 1921 mutis
502 1895 638 1934 pauca
665 1880 918 1921 adnotanda.
951 1879 969 1921 I
994 1880 1059 1931 12,
1082 1880 1136 1920 22
1168 1878 1209 1920 ΙΙ
1231 1880 1270 1931 4,
1292 1880 1313 1920 7
1348 1878 1455 1919 illud
1476 1878 1667 1931 puplicae
1716 1898 1729 1916 e
1750 1898 1799 1915 mu
1817 1898 1842 1915 ιε

143 1950 408 1992 seruauimus
441 1965 534 1992 cum
569 1950 629 2005 H,
660 1950 703 1992 II
730 1952 798 2004 31,
820 1951 877 1993 50
908 1949 970 1991 IV
993 1951 1029 2004 1,
1051 1952 1077 1991 2
1111 1951 1304 2005 optinere,
1342 1950 1413 2003 42,
1433 1950 1489 1991 54
1522 1953 1666 2001 optem—

142 2022 249 2063 dere:
281 2022 477 2075 neeleyere
507 2021 549 2063 Η
573 2023 638 2076 10,
673 2023 737 2063 14.
768 2022 832 2063 15.
885 2020 1143 2075 Scripsimus
1181 2021 1445 2073 confineoeisse
1470 2019 1512 2061 II
1540 2020 1577 2073 8,
1601 2020 1666 2071 12,

142 2093 339 2134 manescit
368 2092 430 2133 IV
459 2094 526 2147 34,
547 2093 616 2147 45,
647 2093 884 2134 eomunca'it
913 2093 981 2146 39,
1003 2092 1071 2147 51,
1105 2093 1204 2146 alia,
1239 2092 1311 2133 sed
1345 2092 1503 2146 ubique
1535 2104 1667 2144 κορεσ-

146 2167 252 2218 tare,
291 2165 508 2217 exanym's,
551 2165 686 2206 exules
737 2178 832 2205 cum
877 2164 993 2206 codd.
1075 2162 1276 2218 Optimos
1327 2163 1459 2204 secuti
1504 2162 1665 2216 passim

142 2235 410 2277 restituimus
442 2239 632 2278 secuntur
665 2236 853 2278 locuntur
884 2249 1025 2278 aecum
1062 2235 1219 2277 inicum
1257 2234 1442 2284 relicum,
1481 2234 1666 2274 seruaui-

142 2321 236 2347 mus
275 2306 442 2348 datiuos
474 2308 546 2360 qui
576 2307 618 2348 ΙΙ
647 2308 713 2362 19,
735 2308 790 2349 29
824 2306 888 2349 IV
914 2307 982 2362 22,
1003 2307 1056 2348 31
1084 2307 1232 2360 quique
1257 2305 1298 2346 Π
1320 2306 1388 2356 29,
1410 2305 1484 2347 46:
1519 2307 1664 2346 tamen

141 2376 202 2418 IV
239 2378 386 2429 12,18
430 2378 475 2419 in
513 2377 757 2434 fragmento
805 2378 936 2419 Ennii
988 2393 1083 2419 cum
1121 2377 1280 2419 habeat
1319 2376 1352 2418 P
1394 2380 1435 2417 et
1481 2375 1514 2416 B
1553 2377 1664 2429 quio-

140 2462 282 2502 quam,
325 2448 449 2490 facile
494 2449 715 2502 quoiquam
755 2448 949 2490 datiuum
987 2448 1206 2503 potuimus
1250 2461 1492 2502 agnoscere.
1561 2446 1665 2498 Quoi

145 2519 339 2560 datiuum
373 2521 487 2560 recte
529 2519 718 2573 positum
761 2534 853 2561 esse
899 2534 923 2561 a
960 2519 1155 2574 Kaysero
1201 2518 1459 2560 arbitramur
1497 2518 1515 2559 I
1549 2518 1664 2571 6,1Ο

142 2589 203 2632 IV
232 2591 299 2643 34,
319 2590 385 2631 46.

263 2661 392 2714 Quom
424 2660 770 2703 coniunctionem
802 2661 963 2715 passim
996 2660 1264 2702 restituimus
1296 2660 1432 2701 ueluti
1458 2659 1588 2713 1125,
1608 2660 1662 2701 39

143 2733 216 2774 ubi
253 2739 330 2786 ςμιὸ
366 2733 411 2774 id
447 2732 497 2786 P,
529 2732 629 2785 quid
663 2730 723 2785 H,
761 2745 864 2784 quae
903 2732 946 2773 id
974 2731 1074 2786 BC,
1111 2745 1203 2772 eum
1234 2731 1279 2772 id
1314 2737 1367 2784 E,
1400 2731 1472 2783 25,
1493 2731 1551 2772 40
1589 2732 1664 2772 ubi

143 2804 250 2858 quod
277 2809 324 2844 M
354 2803 581 2858 habuerat,
609 2815 700 2844 eum
731 2808 779 2856 E,
811 2803 879 2857 28,
899 2802 956 2843 45
983 2801 1057 2843 ubi
1087 2808 1134 2843 M
1170 2815 1265 2856 qao,
1302 2808 1337 2842 Ε
1369 2815 1477 2855 eum,
1516 2802 1585 2852 30,
1605 2802 1661 2844 48

145 2874 220 2915 ubi
248 2887 367 2927 quem
397 2880 443 2916 M
474 2873 639 2928 habuit,
664 2887 741 2926 per
771 2887 888 2926 quem
919 2873 1081 2915 habent
1118 2871 1215 2927 BE,
1248 2872 1320 2927 30,
1341 2872 1397 2913 49
1437 2873 1510 2914 ubi
1546 2887 1662 2926 quem
