2003 3116
343 98 424 137 118
916 94 1283 127 PROLEGOMENA.

342 204 472 247 tradit
497 203 556 244 IV
586 204 625 257 2,
652 203 689 243 2.
733 200 778 242 C.
806 200 1046 241 Gracchum
1072 198 1236 240 laudari
1263 199 1316 240 ab
1342 199 1514 240 homine
1541 199 1612 253 qui
1638 200 1855 242 nobilibus

341 289 491 330 parum
524 272 699 314 fauebat
732 271 1066 312 consentaneum
1099 271 1181 311 est:
1214 268 1262 310 L.
1289 271 1431 311 autem
1459 268 1637 311 Crassus
1666 269 1711 313 C.
1736 271 1863 313 Marii

343 344 484 386 affinis
525 345 617 384 erat
656 341 759 398 (Cic.
792 341 842 382 de
883 355 941 383 or.
974 340 993 382 Ι
1029 340 1103 395 15,
1128 340 1183 382 66
1222 355 1299 394 pro
1337 340 1458 382 Balb.
1490 341 1565 395 21,
1590 341 1646 382 49
1686 341 1738 383 ad
1771 341 1862 384 Att.
1914 358 1920 363 ·

342 415 425 457 XII
458 414 513 456 49
527 447 538 470 ‚
566 411 610 470 1)
656 412 774 454 cuius
821 411 1107 467 eloquentiam
1153 411 1440 453 aemularetur
1484 411 1530 452 P.
1563 409 1779 466 Sulpicius
1822 415 1865 454 et

342 485 470 527 Marii
498 484 665 526 amicus
699 485 741 525 et
773 481 917 525 Crassi
950 481 1020 537 (de
1054 497 1112 523 or.
1138 481 1158 522 Ι
1190 482 1260 535 21,
1286 482 1339 524 97
1374 481 1417 522 II
1443 482 1483 537 3,
1512 482 1577 524 12.
1610 483 1678 537 21,
1706 483 1760 525 89
1799 483 1865 524 III

346 556 417 611 12,
443 553 532 611 47).
596 553 641 596 L.
668 553 811 597 Crassi
849 552 1139 608 fragmentum
1178 567 1310 594 unum
1352 554 1491 594 exstat
1521 552 1583 595 IV
1612 554 1649 609 3,
1676 553 1703 595 5
1741 569 1864 609 quem

342 628 485 669 locum
512 625 749 668 accuratius
777 624 949 666 exhibet
975 622 1121 666 Cicero
1147 624 1173 665 1.
1201 639 1231 666 3.
1257 623 1300 664 111
1328 623 1619 680 adnotatione,
1644 627 1865 679 praeterea

344 699 387 740 in
426 697 544 739 uitiis
584 695 928 739 demonstrandis
975 694 1165 736 adfertur
1204 693 1336 737 Caelii
1375 693 1598 750 Antipatri
1641 696 1760 738 100113
1804 695 1865 738 IV

349 769 501 823 12,18
535 770 578 809 et
616 766 813 809 Curionis
858 766 1152 822 fragmentum
1199 766 1415 808 subtracto
1461 767 1649 809 auctoris
1694 767 1867 809 nomine

344 839 386 880 ll
412 840 481 893 20,
508 840 574 881 33.
627 837 749 888 Quod
776 853 871 880 cum
900 838 1085 892 scriptor
1112 837 1172 878 IV
1201 837 1266 889 12,
1288 838 1340 880 18
1375 838 1488 880 dicat
1520 837 1578 880 ‘in
1612 838 1732 880 uitiis
1758 838 1865 880 nihil

345 910 572 966 prohibere
605 910 754 951 alienis
789 909 993 964 exemplis
1026 907 1105 950 uti'
1140 911 1181 950 et
1213 908 1287 950 illo
1322 909 1415 952 loco
1447 909 1491 951 II
1517 910 1592 964 20,
1619 910 1673 951 33
1711 924 1868 951 nomen

347 981 534 1024 auctoris
572 981 616 1022 in
657 980 851 1035 exemplo
891 980 1033 1035 aliquo
1071 994 1159 1022 non
1199 980 1414 1035 attulerit,
1457 995 1535 1022 nos
1580 981 1623 1022 in
1667 981 1870 1022 uitiorum

348 1052 552 1107 exemplis
592 1067 689 1094 eum
722 1052 891 1107 saepius
932 1052 1155 1093 auctorum
1187 1051 1364 1092 nomina
1404 1051 1575 1094 silentio
1610 1053 1872 1107 oppressisse

347 1123 470 1164 facile
499 1123 825 1178 suspicabimur.
871 1122 1019 1164 Veluti
1042 1120 1105 1163 IV
1131 1122 1196 1177 12,
1220 1123 1272 1164 18
1301 1137 1409 1178 quae
1436 1123 1547 1165 inter
1567 1123 1699 1165 Ennii
1726 1138 1874 1166 uersus

349 1197 499 1236 extant
525 1195 668 1236 uerba:
708 1194 836 1236 ‘Nam
864 1194 982 1236 cuius
1008 1193 1188 1235 rationis
1220 1194 1331 1236 ratio
1364 1209 1450 1236 non
1483 1197 1611 1250 extet,
1645 1195 1684 1236 ei
1715 1195 1872 1238 rationi

348 1266 460 1307 ratio
486 1279 575 1307 non
603 1268 667 1307 est
692 1264 819 1307 fidem
847 1263 1034 1320 habere’,
1066 1279 1115 1306 ea
1147 1264 1303 1307 uidesis
1335 1280 1461 1320 quam
1495 1266 1623 1308 facile
1656 1265 1873 1321 legitimos

349 1336 523 1392 capiant
553 1351 772 1379 numeros:

526 1407 639 1450 Nam
673 1408 791 1450 cuius
824 1407 1004 1449 rationis
1038 1406 1148 1449 ratio
1181 1422 1267 1450 non
1302 1410 1419 1450 extet
1450 1408 1619 1463 <bona>

526 1479 580 1522 Ei
611 1480 768 1522 rationi
799 1480 957 1521 habere
990 1493 1075 1521 non
1108 1480 1262 1522 ratiost
1292 1479 1432 1522 fidem.

349 1552 499 1607 Neque
546 1551 659 1593 enim
698 1550 907 1593 eiusmodi
952 1550 1182 1592 uerborum
1220 1551 1339 1593 lusus
1378 1551 1489 1607 apud
1528 1551 1663 1593 ullum
1701 1553 1874 1606 poetam

352 1623 522 1678 saepius
554 1623 831 1665 inueniuntur
863 1636 991 1677 quam
1025 1622 1136 1676 apud
1161 1621 1348 1664 Ennium
1383 1622 1500 1664 cuius
1533 1623 1696 1664 similes
1723 1637 1871 1664 uersus

351 1695 552 1750 legantur
585 1697 626 1736 et
660 1694 711 1735 ad
743 1692 846 1736 Her.
871 1694 897 1734 1.
925 1708 955 1735 3.
983 1695 1025 1734 et
1057 1693 1168 1748 apud
1203 1693 1384 1735 Gellium
1416 1692 1564 1735 XVIII
1595 1694 1635 1748 2,
1664 1693 1705 1734 7:
1746 1692 1874 1735 ‘Nam

353 1766 425 1821 qui
477 1780 568 1807 sese
617 1764 817 1806 frustrari
868 1778 993 1818 quem
1038 1764 1199 1806 frustra
1249 1765 1382 1806 sentit
1432 1764 1512 1814 Qui
1562 1764 1794 1805 frustratur
1838 1765 1874 1805 is

352 1837 559 1878 frustrast
593 1837 627 1877 si
660 1850 748 1878 non
780 1835 851 1877 ille
885 1837 950 1877 est
982 1834 1156 1877 frustra'
1187 1860 1235 1864 —
1272 1836 1315 1877 in
1349 1835 1500 1891 quibus
1534 1837 1663 1889 poeta
1695 1835 1871 1877 comico-

353 1923 446 1950 rum
481 1907 739 1950 Graecorum
779 1907 1016 1948 aemulatus
1056 1910 1148 1948 erat
1187 1907 1305 1948 lusus
1339 1907 1485 1961 quales
1520 1908 1619 1948 sunt
1649 1906 1871 1947 Menandri

353 1979 463 2022 GAF
495 1978 559 2020 ΠΙ
592 1994 630 2033 p.
659 1979 744 2021 266
778 1977 874 2020 edit.
902 1977 1034 2019 Kock.
1074 1977 1096 2019 ὁ
1130 1978 1186 2032 μὴ
1220 1976 1407 2031 γέλωτος
1445 1975 1562 2027 ἄξιος
1595 1975 1649 2018 ἂν
1680 1970 1707 2032 ᾗ
1739 1976 1878 2031 γέλως

356 2049 485 2100 αὐτὸς
525 2048 692 2104 πέφυκε
730 2054 809 2091 τοῦ
847 2047 1035 2103 γέλωτος
1072 2049 1320 2102 κατάγελως
1359 2050 1400 2090 et
1433 2048 1695 2090 Philemonis
1727 2048 1752 2088 1.
1781 2048 1879 2089 311

355 2137 394 2176 p.
420 2123 507 2164 484
540 2121 562 2163 ὁ
591 2121 810 2176 λοιδορῶν
836 2120 933 2175 γὰρ,
968 2118 1022 2161 ἂν
1050 2118 1072 2160 ὁ
1105 2118 1450 2174 λοιδορούμενος
1486 2118 1543 2172 μὴ
1576 2124 1880 2174 προσποιῆται,

358 2194 620 2248 λοιδορεῖται
651 2192 881 2248 λοιδορῶν.
931 2190 1044 2232 Illud
1071 2190 1252 2245 denique
1278 2190 1568 2245 fragmentum
1598 2190 1708 2244 quod
1735 2190 1876 2231 hiatus

359 2265 599 2318 exemplum
628 2263 819 2305 adfertur
845 2263 870 2304 1.
898 2277 947 2303 s.:
981 2261 1129 2303 ‘bacae
1163 2275 1316 2303 aeneae
1350 2261 1651 2302 amoenissime
1684 2261 1881 2315 inpende-

359 2333 477 2376 bant'
523 2333 733 2376 Asianum
786 2333 972 2388 aliquem
1017 2332 1181 2374 redolet
1226 2332 1478 2386 scriptorem
1524 2331 1662 2386 qualis
1709 2330 1880 2373 Caelius

358 2405 588 2460 Antipater
627 2407 719 2447 erat
757 2406 782 2446 1.
819 2419 851 2446 3.
890 2404 962 2459 qui
1006 2403 1275 2458 uituperatur
1315 2405 1389 2444 aut
1428 2401 1577 2444 Sisena
1615 2401 1879 2444 Milesiarum

360 2478 518 2519 auctor.
581 2475 735 2526 Quales
778 2474 1008 2530 scriptores
1040 2472 1177 2516 Varro
1209 2473 1464 2528 Menippeus
1504 2475 1577 2514 aut
1609 2473 1773 2515 deridet
1808 2476 1881 2515 aut

358 2547 554 2589 imitatur
591 2549 639 2589 ut
680 2548 771 2588 erat
808 2545 1020 2600 Hegesiae
1064 2544 1260 2587 laudator
1304 2547 1413 2586 teste
1455 2543 1658 2586 Cicerone
1699 2545 1751 2586 ad
1791 2544 1880 2586 Att.

357 2617 441 2659 XII
476 2619 519 2673 6,
549 2619 569 2659 1
607 2620 685 2659 sat.
718 2617 907 2672 Menipp.
935 2617 1020 2659 375
1046 2615 1081 2657 B
1127 2616 1207 2659 hac
1250 2615 1556 2670 descriptione:
1607 2615 1722 2656 ‘ante
1766 2615 1880 2656 auris

361 2690 487 2731 inodo
521 2703 571 2730 ex
598 2689 823 2731 subolibus
850 2688 1019 2743 paruuli
1046 2687 1198 2730 intorti
1227 2687 1560 2729 demittebantur
1587 2701 1660 2729 sex
1686 2686 1882 2739 cincinni,

362 2761 471 2802 oculi
511 2760 753 2815 suppaetuli
791 2760 964 2814 nigellis
1003 2759 1175 2814 pupulis
1214 2758 1418 2813 liquidam
1456 2758 1717 2799 hilaritatem
1754 2757 1881 2811 signi-

362 2830 538 2872 ficantes
573 2831 715 2886 animi,
747 2831 878 2872 rietus
910 2830 1190 2885 paruissinius
1223 2832 1272 2871 ut
1302 2829 1516 2871 refrenato
1549 2827 1637 2869 risu
1669 2827 1820 2869 roseo?
