2003 3116
673 179 932 214 PROLEGOM
937 180 997 211 EN
999 180 1039 212 A.
1556 178 1609 216 41

97 296 143 332 M
161 304 240 332 nec
259 296 294 331 E
315 289 576 332 recensionis
598 289 634 331 si
660 289 830 344 quaeris
857 288 1064 331 lectiones
1091 287 1291 330 omnibus
1317 286 1423 329 locis
1451 300 1620 340 semper

97 376 174 416 pro
213 361 411 416 genuinis
449 360 669 403 habendae
708 363 809 402 sunt
847 359 920 401 sed
959 373 1238 414 unaquaeque
1278 358 1491 413 scriptura
1522 371 1618 399 con—

98 432 262 474 dicione
294 432 531 474 sententiae
564 434 606 473 et
636 432 802 474 ratione
833 430 1152 474 consuetudinis
1179 429 1345 472 dicendi
1372 444 1455 484 qua
1480 429 1618 470 utitur

98 504 281 559 scriptor
312 504 554 545 examinata
587 505 661 544 aut
693 502 934 544 adhibenda
966 502 1046 543 erit
1078 503 1153 543 aut
1184 500 1406 543 reicienda.
1467 498 1617 554 Saepe-

97 589 276 617 numero
317 575 430 616 enim
468 573 729 614 recensionis
761 579 796 613 E
837 575 984 614 auctor
1022 587 1072 613 ea
1105 586 1212 627 quae
1250 571 1294 613 in
1326 571 1415 612 cod.
1449 585 1525 612 suo
1558 570 1618 611 fa-

97 647 238 689 miliae
269 652 316 688 M
352 643 520 686 inuenit
557 643 851 685 emendatiora
883 645 926 684 et
957 643 1136 684 meliora
1169 656 1260 683 esse
1294 642 1526 683 arbitratus
1559 641 1618 682 eis

98 732 206 771 quae
244 716 288 757 in
321 715 411 758 cod.
443 729 556 756 nouo
597 717 639 755 et
670 714 840 770 integro
879 714 1107 755 exstabant
1137 712 1244 754 haec
1275 713 1399 766 plane
1431 712 1621 769 neglexit

96 789 173 830 illa-
209 788 254 829 in
297 801 411 829 nouo
450 800 527 828 suo
574 786 810 840 exemplari
853 788 1026 840 recepta
1068 783 1339 839 propagauit.
1401 782 1621 825 Nonnum-

97 874 226 914 quam
257 860 400 901 autem
426 856 631 899 lectiones
658 856 747 898 cod.
773 855 889 898 illius
916 856 1075 911 integri
1102 855 1264 910 recepit
1289 854 1358 895 uel
1386 856 1620 908 corruptas.

97 930 246 973 Veluti
271 929 338 971 III
358 929 426 983 22,
448 928 503 970 35
529 934 575 969 M
600 927 751 968 habuit
777 927 970 968 audimus
994 926 1145 980 eyregyz'e
1171 929 1286 978 turpe
1311 928 1385 966 αιιύ
1402 925 1621 975 honestam,

96 1003 122 1044 b
155 1001 286 1043 habet
318 1001 511 1042 (inclinans
542 999 692 1053 eyreyz'e
725 1001 839 1052 tempe
870 999 915 1039 m
952 997 1145 1040 homines.
1203 1000 1306 1047 tum,
1339 997 1353 1037 1
1388 996 1619 1051 archetypo

96 1073 274 1128 propior
306 1072 438 1113 habet
469 1085 505 1113 a.
533 1084 562 1113 e.
590 1074 614 1114 t.
641 1073 713 1112 aut
741 1069 951 1112 honestum
984 1070 1029 1111 in
1059 1068 1240 1110 homines
1273 1071 1369 1121 tum,
1402 1067 1443 1108 d:
1477 1082 1513 1108 a.
1539 1081 1569 1108 c.
1597 1071 1622 1108 t.

95 1147 167 1186 aut
203 1143 412 1186 honestum
448 1143 495 1185 in
531 1142 728 1185 homines:
767 1156 846 1183 nos
880 1141 969 1184 cod.
1003 1139 1269 1196 deperditum
1300 1139 1345 1180 in
1378 1153 1460 1194 quo
1493 1138 1623 1179 fuerit

96 1217 344 1269 corruptum
382 1214 490 1256 illud
529 1215 574 1255 in
604 1213 786 1256 homines
818 1217 905 1255 tecm
937 1212 1070 1254 secuti
1103 1211 1338 1253 scribemus
1370 1225 1407 1252 a.
1440 1225 1470 1252 c.
1503 1214 1527 1252 t.
1560 1212 1621 1252 iu—

95 1287 317 1329 honestam.
380 1285 441 1328 IV
475 1286 551 1340 31,
575 1286 632 1327 42
669 1291 716 1327 M
753 1285 906 1326 habuit
943 1288 989 1326 ut
1019 1284 1195 1325 maiores
1227 1283 1372 1324 awzcde‘re
1403 1286 1440 1324 ct
1468 1283 1625 1336 mugire

97 1362 135 1400 et
157 1358 365 1400 marmari
385 1391 392 1398 .
415 1391 423 1399 .
449 1358 762 1411 appellarant:
795 1356 847 1398 bl
881 1356 1043 1397 habent
1069 1370 1145 1410 pro
1180 1355 1340 1396 auclire:
1372 1355 1516 1396 rudere
1548 1368 1623 1396 -ιια-

91 1430 203 1484 θῖνες
239 1428 312 1484 qui
350 1443 446 1470 cum
487 1428 745 1470 uocabulum
782 1429 925 1470 rudere
965 1429 1080 1469 recte
1121 1426 1392 1481 reposuerint
1424 1451 1481 1456 —
1513 1425 1623 1468 conf.

98 1517 227 1556 supra
252 1517 291 1556 p.
313 1502 370 1543 24
391 1524 445 1530 —
468 1501 598 1542 etiam
626 1500 816 1556 glossam
844 1514 951 1554 quae
980 1499 1108 1540 fuerit
1139 1499 1184 1539 in
1218 1497 1308 1540 cod.
1334 1497 1504 1553 integro
1538 1512 1623 1538 una

98 1588 193 1615 cum
224 1573 298 1614 illo
331 1572 519 1627 recipere
551 1586 637 1613 non
666 1571 974 1612 dubitauerunt
1001 1570 1127 1611 sicuti
1158 1569 1179 1610 I
1213 1569 1251 1624 3,
1277 1568 1304 1611 5
1337 1569 1468 1610 simili
1495 1568 1623 1610 modo

96 1649 246 1687 natum
284 1643 390 1685 illud
427 1644 635 1699 praebent
671 1647 766 1685 ante
803 1642 987 1694 affertur.
1048 1641 1163 1683 Nam
1202 1640 1442 1682 cod.illun1
1481 1640 1625 1694 deper-

99 1716 235 1758 ditum
273 1715 422 1757 multis
454 1716 559 1757 locis
599 1716 862 1770 glossemata
893 1713 1098 1756 habuisse
1135 1713 1220 1754 alia
1254 1712 1395 1754 uerbis
1428 1711 1624 1767 genuinis

99 1788 264 1830 adiecta
296 1787 384 1829 alia
414 1802 491 1842 pro
524 1787 667 1829 uerbis
700 1787 896 1843 genuinis
933 1800 1075 1827 errore
1110 1784 1335 1839 supposita
1369 1798 1418 1825 ex
1451 1782 1624 1824 adnota-

98 1859 217 1901 tione
250 1859 399 1900 critica
431 1858 529 1900 edit.
555 1861 730 1900 nostrae
763 1858 967 1913 cognosci
998 1858 1171 1912 poterit.
1223 1856 1242 1896 I
1277 1857 1344 1905 11,
1376 1855 1426 1896 18
1461 1854 1550 1896 cod.
1580 1861 1626 1896 M

96 1931 251 1972 habuit
281 1934 416 1972 noster
452 1931 587 1972 doctor
619 1933 714 1972 tres:
755 1931 923 1984 integer
954 1929 1026 1970 ille
1061 1928 1229 1969 uidetur
1259 1926 1462 1968 habuisse
1494 1929 1627 1968 noster

99 2003 233 2045 doctor
268 1989 399 2044 *crines
444 2005 522 2049 tres
565 2016 694 2056 quam
739 2002 967 2043 lectionem
1012 2014 1209 2041 recensor
1252 1998 1393 2040 noluit
1437 1998 1625 2052 recipere

100 2073 172 2114 sed
205 2072 250 2114 in
276 2072 470 2127 margine
497 2072 585 2114 cod.
614 2073 679 2114 sui
705 2071 933 2114 adnotauit
964 2086 1050 2113 non
1084 2071 1222 2112 solum
1255 2069 1361 2111 illud
1391 2057 1520 2112 *crines
1552 2070 1624 2111 sed

98 2159 174 2199 per
207 2158 395 2186 errorem
428 2143 495 2184 dei
526 2143 699 2185 facundi
731 2158 888 2185 nomen
919 2143 1038 2184 auxit
1063 2141 1332 2196 insequentis
1360 2141 1478 2182 uerbi
1503 2144 1626 2195 parte

99 2215 264 2256 adiecta
302 2217 351 2256 ut
394 2214 521 2256 hodie
559 2215 603 2256 in
644 2216 837 2270 margine
880 2214 969 2257 cod.
1008 2214 1035 2255 b
1078 2215 1165 2255 m.1
1210 2212 1416 2266 scriptum
1458 2212 1626 2267 legatur

97 2286 314 2340 Ermestffl,
345 2285 391 2327 in
424 2286 513 2328 cod.
540 2287 554 2327 1
584 2301 712 2341 supra
743 2287 895 2328 doctor:
926 2286 1135 2328 Ermestes
1165 2285 1230 2326 uel
1255 2283 1452 2338 Ermetes,
1485 2283 1573 2325 cod.
1601 2283 1625 2324 d

101 2357 282 2412 denique
314 2356 361 2398 in
393 2357 596 2399 continua
623 2358 836 2412 scriptura
861 2357 993 2399 habet
1024 2358 1158 2399 doctor
1188 2356 1400 2397 hermesias
1431 2358 1522 2396 tres.
1568 2355 1627 2396 At

99 2428 218 2470 codd.
245 2427 374 2470 Voss.
403 2429 423 2470 1
457 2426 575 2470 Leid.
606 2430 625 2470 1
660 2428 828 2470 librarii
855 2428 970 2471 docti
997 2443 1125 2483 supra
1156 2429 1291 2470 doctor
1322 2427 1410 2467 m.l
1445 2440 1626 2480 posuere

97 2501 149 2541 wi·
182 2499 336 2542 hermes
375 2499 465 2554 ille,
510 2499 579 2542 hic
615 2499 770 2543 hermes
814 2515 864 2542 ex
908 2500 1165 2542 coniectura.
1227 2498 1338 2540 Aliis
1376 2497 1481 2539 locis
1521 2498 1626 2539 eius-

100 2571 216 2612 modi
260 2571 525 2626 glossemata
568 2575 605 2613 εὐ
654 2572 954 2614 coniunctione
1005 2571 1203 2626 adposita
1246 2571 1290 2611 in
1333 2583 1482 2611 uersus
1535 2569 1625 2610 cod.

99 2642 259 2696 integri
290 2641 564 2695 irrepserant.
626 2641 777 2683 Veluti
809 2641 875 2682 III
910 2642 975 2696 17,
1002 2641 1058 2683 30
1089 2647 1135 2682 M
1171 2644 1285 2682 recte
1319 2641 1471 2682 habuit
1504 2642 1626 2692 cdere,

100 2713 268 2768 integer
294 2717 493 2766 corrupte
518 2714 657 2755 uidere
683 2713 973 2767 superscripto
1000 2713 1185 2766 proferre
1216 2712 1324 2753 unde
1351 2712 1437 2754 bld
1464 2712 1626 2754 habent

98 2785 236 2826 uidere
267 2787 304 2825 et
329 2783 530 2838 proferre,
572 2784 637 2838 19,
664 2784 720 2825 32
752 2790 797 2825 Μ
828 2784 981 2825 habuit
1012 2787 1126 2826 recte
1157 2784 1215 2825 ad
1242 2797 1364 2825 suum
1395 2783 1626 2838 arbitrimn,

99 2855 265 2910 integer
301 2858 500 2908 corrupte
538 2856 594 2897 ad
628 2868 749 2896 exosum
787 2855 1005 2896 arbitrium
1045 2855 1335 2909 superscripto
1373 2857 1625 2898 commodum

101 2927 211 2968 unde
242 2926 293 2967 bl
324 2925 486 2967 habent
517 2927 574 2968 ad
602 2940 723 2968 usum
753 2927 1005 2968 commodum
1036 2929 1073 2968 et
1102 2926 1340 2978 arbitrimn,
1376 2927 1448 2983 12,
1474 2927 1529 2968 22
1561 2934 1623 2968 M:
