2003 3116
340 191 362 231 4
372 192 396 231 (ς
912 188 1279 222 PROLEGOMENA.

344 299 525 353 pletani:
554 300 597 338 at
623 310 780 350 magna
806 296 1103 349 supplementa
1129 309 1237 348 quae.
1265 295 1496 336 multorum
1525 296 1611 337 sint
1635 298 1860 338 uerborum

348 370 473 422 plane
500 369 662 408 incerta
689 368 761 407 aut
786 365 896 407 falsa
920 365 1233 407 iudicabuntur.
1284 365 1435 420 Itaque
1461 380 1539 406 nos
1565 367 1670 407 talia
1695 368 1864 422 supple-

347 441 490 479 menta
530 437 674 491 omnia
713 438 787 477 aut
823 436 1046 478 reiecimus
1086 439 1160 477 aut
1191 451 1284 478 cum
1319 436 1498 478 meliora
1529 451 1614 477 non
1646 438 1865 491 potuerint

347 508 529 549 inueniri
562 507 780 549 inclinatis
821 507 976 549 litteris
1017 507 1279 548 notauimus:
1325 507 1468 562 qualia
1506 510 1604 549 sunt
1635 507 1678 548 II
1710 508 1784 561 25,
1810 509 1864 549 39

345 578 419 620 ubi
447 578 478 621 O
511 579 660 620 inserit
691 579 834 632 quodsi
864 582 1120 633 concurrunt,
1152 585 1204 619 E:
1237 579 1380 632 quodsi
1404 579 1690 630 concurrerint,
1724 579 1791 632 31,
1811 580 1866 620 50

344 648 419 691 ΟΕ
447 649 640 691 inserunt
666 650 711 691 in
734 650 879 703 quibus
904 651 1120 691 commodis
1143 650 1312 704 fuimus,
1339 649 1400 690 ΙΙΙ
1422 650 1461 704 8,
1484 650 1536 691 15
1563 650 1682 691 alind
1704 650 1866 704 iniuste,

347 720 411 774 15,
432 720 489 761 26
522 734 548 761 (1
580 724 745 774 natura,
776 720 839 762 IV
870 722 936 776 13,
960 721 1010 761 19
1042 721 1235 775 seruauit,
1268 722 1336 774 28,
1364 721 1418 761 39
1445 722 1635 762 diczmtm·
1661 755 1668 762 .
1696 754 1704 762 .
1732 754 1740 762 .
1765 735 1868 774 qnae

341 791 423 832 dici
457 795 633 844 possunt
675 806 757 833 non
801 793 1010 847 dz'cmzlnr,
1055 791 1183 846 falso,
1234 794 1280 832 ut
1324 791 1409 832 iam
1455 790 1600 833 Simon
1645 792 1867 846 intellexit,

343 862 412 916 29,
439 863 495 903 40
535 866 608 904 aut
644 864 736 916 fieri
773 866 847 905 ant
882 877 964 905 non
1002 864 1110 916 fieri,
1150 863 1224 916 31,
1250 863 1306 903 42
1345 866 1402 904 est
1431 863 1614 915 unditus,
1652 864 1721 918 33,
1746 864 1802 903 44
1841 878 1867 903 (1

341 934 610 976 similitudine
641 938 715 975 ant
744 949 790 989 α,
821 935 890 988 43,
917 934 973 975 5ss
1005 933 1304 975 tantummodo
1339 933 1363 973 d
1396 948 1490 975 cum
1525 932 1557 974 O
1590 933 1769 974 inseruit
1799 935 1869 975 sed

345 1005 566 1046 tractando.
628 1004 746 1046 Haec
785 1006 921 1060 igitur
961 1005 1262 1059 supplementa
1299 1004 1456 1058 partim
1497 1004 1624 1045 reieci
1662 1009 1709 1045 ut
1746 1005 1868 1059 falsa,

342 1075 427 1116 alia
460 1076 618 1117 reicere
652 1091 780 1118 ausus
819 1091 906 1118 non
940 1091 1032 1117 sum
1066 1076 1166 1131 quia
1197 1078 1310 1116 recte
1349 1090 1457 1116 saec.
1483 1074 1545 1116 IX
1577 1076 1644 1116 uel
1676 1075 1714 1116 X
1746 1078 1864 1130 pote-

341 1149 438 1188 rant
470 1147 640 1202 quidem
667 1162 757 1189 esse
790 1148 965 1189 inuenta
992 1150 1034 1188 et
1060 1147 1149 1188 cod.
1176 1161 1289 1188 nouo
1318 1161 1422 1188 saec.
1450 1146 1535 1187 XII
1562 1147 1739 1188 inuento
1768 1161 1865 1188 0011-

340 1218 522 1259 firmata.
587 1218 702 1267 Quae
747 1219 916 1274 quidem
958 1219 1100 1272 recepi
1142 1233 1190 1258 ea
1234 1220 1384 1259 notare
1432 1217 1674 1271 legentibus
1715 1217 1779 1258 ita
1820 1220 1868 1258 ut

342 1289 428 1329 ‹lixi
461 1292 503 1329 et
529 1289 648 1330 uolui
680 1292 723 1330 et
755 1289 892 1331 debui.
944 1289 1149 1330 Attamen
1177 1303 1284 1343 quae
1317 1288 1361 1329 in
1387 1295 1421 1328 E
1450 1288 1728 1329 inueniuntur
1753 1302 1867 1329 noua

343 1362 385 1400 et
419 1374 526 1401 saec.
552 1359 614 1402 IX
648 1362 690 1401 et
721 1359 760 1400 X
800 1359 995 1400 inaudita
1034 1374 1083 1400 ea
1122 1359 1294 1414 egregia
1334 1373 1424 1400 esse
1464 1374 1588 1400 nemo
1623 1360 1694 1414 qui
1729 1362 1866 1401 totum

344 1431 502 1473 librum
542 1433 739 1473 accurate
778 1431 1109 1485 pertractauerit
1147 1444 1234 1471 non
1273 1430 1558 1472 confitebitur.
1620 1430 1767 1472 Veluti
1806 1431 1866 1472 13-

347 1516 480 1543 cunae
526 1502 710 1543 maiores
755 1503 1002 1543 innumerae
1047 1504 1160 1543 recte
1204 1502 1246 1542 in
1284 1508 1319 1542 E
1362 1502 1554 1555 expletae
1600 1504 1715 1542 sunt:
1759 1516 1867 1556 quae

347 1576 645 1628 supplementa
672 1588 767 1615 cum
791 1573 989 1615 Halmius
1017 1573 1230 1627 quondam
1257 1572 1526 1613 damnauerit
1553 1573 1708 1628 omnia,
1736 1573 1868 1614 miror

343 1644 537 1699 equidem
577 1645 688 1699 quod
731 1659 816 1686 11011
855 1645 954 1685 libri
994 1644 1012 1685 Ι
1059 1645 1202 1698 capita
1234 1643 1271 1683 V
1316 1644 1359 1684 in
1403 1643 1615 1698 principio
1660 1644 1868 1685 collocata

345 1717 449 1757 item
490 1715 742 1758 stultissime
780 1716 880 1757 ficta
919 1730 1009 1757 esse
1050 1715 1421 1758 demonstrauerit.
1484 1715 1616 1757 Porro
1649 1718 1698 1756 ut
1732 1729 1867 1770 pauca

342 1788 645 1830 tantummodo
684 1787 901 1842 proferam
941 1787 1134 1841 exempla
1166 1787 1238 1827 ubi
1278 1786 1462 1827 editores
1495 1786 1605 1828 falsa
1643 1801 1719 1841 pro
1752 1787 1865 1828 ueris

342 1862 590 1914 posuerunt,
624 1860 795 1914 egregie
828 1860 871 1900 in
897 1866 932 1900 E
967 1859 1216 1900 emendatur
1248 1858 1288 1899 11
1316 1859 1385 1913 22,
1413 1859 1468 1899 34
1501 1859 1687 1900 materies
1718 1858 1789 1898 ubi
1821 1864 1867 1899 M

342 1930 493 1972 habuit
523 1931 767 1985 praeteriss,
805 1930 871 1971 ΙΙΙ
907 1931 978 1984 18,
1012 1931 1064 1971 31
1099 1931 1377 1971 commodum-2·
1408 1931 1481 1971 ubi
1514 1937 1575 1971 M:
1613 1929 1869 1970 commodam·

342 2027 398 2030 —
419 2002 527 2043 conf.
549 2002 662 2056 quod
684 2002 768 2042 alio
790 2002 883 2043 1000
904 2001 1063 2055 legitur
1082 2002 1380 2054 praemeditan‘
1397 2026 1445 2029 —
1467 2000 1526 2042 IV
1548 2001 1615 2054 34,
1630 2000 1687 2041 45
1707 2013 1868 2041 maeror

343 2073 415 2113 ubi
446 2079 510 2113 M:
548 2087 654 2114 nnae
683 2073 767 2127 for,
808 2073 884 2123 22,
911 2072 963 2113 31
998 2073 1139 2113 uirum
1170 2072 1230 2113 ret
1260 2086 1303 2125 p.
1336 2072 1670 2113 amantissimam,
1702 2071 1771 2111 ubi
1805 2078 1867 2112 M:

341 2144 512 2186 uirtutis
562 2144 893 2185 amantissimum
944 2143 1053 2184 conf.
1101 2144 1145 2194 8,
1187 2144 1239 2185 12
1280 2146 1402 2198 extr„
1451 2144 1519 2197 25,
1559 2142 1615 2183 35
1659 2141 1866 2196 appetitio

342 2215 587 2266 alienorum,
619 2214 693 2256 ubi
724 2221 785 2256 M:
818 2215 1015 2256 aliorum:
1048 2214 1155 2256 conf.
1182 2215 1252 2267 40,
1278 2214 1334 2255 52
1367 2217 1470 2255 extr.
1503 2214 1577 2255 ubi
1610 2212 1865 2253 uocabulum

342 2299 440 2327 suns
486 2285 634 2327 eodem
678 2285 805 2327 modo
851 2285 1065 2327 antecedit
1104 2288 1147 2326 et
1185 2284 1227 2326 ΙΙ
1262 2286 1334 2340 11,
1370 2286 1423 2326 16
1462 2287 1564 2326 extr.
1598 2283 1672 2325 ubi
1708 2283 1752 2325 H
1789 2298 1866 2337 pro

342 2357 469 2397 aliem·
507 2357 638 2398 habet
675 2357 762 2397 alii.
824 2356 972 2397 Multis
1013 2359 1153 2397 autem
1194 2357 1298 2398 locis
1338 2371 1466 2398 causa
1500 2355 1767 2409 corruptelae
1801 2356 1868 2395 sat

345 2429 492 2481 aperta
513 2429 597 2468 est:
618 2427 726 2468 conf.
744 2441 852 2482 quae
874 2442 1003 2481 supra
1023 2442 1061 2480 p.
1083 2428 1139 2468 22
1152 2442 1265 2482 seqq.
1288 2427 1572 2481 exposuimus,
1605 2425 1766 2474 Quibus
1786 2425 1867 2466 hoc

346 2499 440 2539 1000
475 2498 667 2539 addimus
695 2498 804 2552 quod
834 2499 978 2538 multis
1008 2498 1112 2539 locis
1140 2512 1233 2539 cum
1264 2498 1520 2552 archetypus
1548 2498 1589 2538 in
1618 2496 1865 2550 compositis

344 2569 685 2623 praepositiones
712 2568 934 2623 reliquerit
959 2569 1151 2623 integras
1179 2569 1313 2609 ueluti
1340 2569 1383 2609 in
1414 2569 1601 2610 inludens
1626 2567 1689 2609 IV
1711 2567 1778 2621 34,
1797 2567 1866 2621 46,

343 2640 532 2681 ‘inlustris
563 2640 631 2693 47,
659 2640 732 2694 60,
770 2640 955 2681 adtinent
984 2638 1049 2680 III
1084 2640 1155 2693 12,
1182 2640 1256 2693 21,
1293 2645 1339 2680 Μ
1370 2638 1455 2679 illis
1488 2638 1593 2679 locis
1625 2638 1770 2692 posuit
1801 2639 1865 2679 in-

342 2712 522 2762 prudens
553 2711 783 2761 industriis,
815 2711 1001 2752 abstinen
1021 2743 1030 2752 .
1052 2743 1060 2751 .
1081 2742 1112 2764 .,
1144 2711 1214 2751 11111
1242 2716 1276 2750 Ε
1311 2724 1386 2751 suo
1420 2723 1536 2751 more
1569 2709 1743 2751 illudens
1773 2709 1866 2750 illu-

343 2782 440 2822 stris
471 2782 660 2836 attinent,
699 2781 825 2823 sicuti
857 2780 898 2822 H
931 2781 992 2822 IV
1025 2781 1093 2835 22,
1120 2782 1172 2822 31
1208 2795 1283 2835 pro
1323 2781 1584 2822 conmutatis:
1627 2781 1865 2833 conputate's,

346 2852 468 2893 sicuti
515 2852 600 2894 Cic.
640 2853 690 2893 de
735 2867 793 2893 or.
832 2851 896 2892 III
935 2852 1118 2904 43,171
1166 2866 1242 2906 pro
1288 2852 1461 2893 ‘illudens
1505 2850 1626 2892 codd.
1670 2851 1864 2891 nonnulli

345 2922 504 2964 liabent
535 2924 748 2976 ‘impudens
774 2925 945 2964 auctore
972 2922 1202 2964 Ellendtio.
1249 2922 1362 2963 Nam
1391 2922 1654 2964 diuersorum
1683 2922 1862 2975 scripto-
