2003 3116
676 198 1002 231 PROLEGOMEN
1005 199 1044 232 A.
1563 192 1618 233 43

98 307 196 349 inde
237 309 417 362 apparet
457 307 570 362 quod
611 306 802 348 Terentii
843 305 1077 347 scholiasta
1118 304 1277 359 ubique
1318 302 1463 356 posuit
1503 303 1619 343 recte

99 377 360 433 ἀμφιβολία,
400 378 572 420 Horatii
611 378 662 420 ad
701 381 837 419 artem
876 380 986 431 poet.
1012 376 1097 417 449
1137 374 1474 428 amphiboloyias‚
1513 372 1619 414 illud

103 450 214 505 apud
246 449 537 504 Epiphanium
569 451 756 491 ancorat.
781 448 824 489 II
850 463 889 502 p.
914 447 973 489 40
1001 446 1036 487 D
1070 446 1230 502 legitur
1261 446 1305 486 in
1338 445 1428 486 cod.
1453 443 1620 486 lenensi

102 521 265 576 optimo
298 535 381 575 quo
414 520 464 561 de
497 520 605 562 conf.
633 519 919 561 GDindorfius
953 518 1050 559 edit.
1077 517 1160 559 uol.
1186 517 1207 558 I
1232 532 1270 571 p.
1297 515 1433 570 XXX,
1463 515 1545 557 hoc
1578 515 1622 555 in

102 592 219 634 codd.
245 590 554 633 recentioribus
581 590 841 632 editionibus
868 588 1191 630 uetustioribus.
1242 587 1383 641 Atque
1410 587 1455 628 in
1487 586 1622 628 omni-

103 664 181 705 bus
202 661 409 704 eiusmodi
435 661 540 703 locis
566 661 681 702 haud
707 660 880 702 difficile
908 659 988 701 erit
1008 673 1110 700 uera
1130 674 1154 700 a
1174 658 1294 699 falsis
1315 659 1623 700 internoscere:

103 736 149 776 111
182 733 276 775 aliis
309 733 353 774 in
385 732 474 775 cod.
500 732 574 773 illo
607 731 828 786 deperdito
861 732 1061 783 corrupta
1093 729 1237 784 aliqua
1269 729 1397 770 lectio
1431 728 1624 769 extitisse

103 803 292 860 putanda
330 806 394 846 est
430 804 567 845 ueluti
598 802 664 844 ΠΙ
696 803 770 857 22,
797 802 852 844 35
885 808 930 843 Μ
968 800 1120 842 habuit
1157 800 1396 852 ricliceclzmc,
1437 806 1490 840 E:
1516 800 1624 852 peri-

102 877 295 931 culosum,
327 875 402 917 ubi
434 875 524 916 cod.
547 873 785 916 Vossianus
819 874 845 915 2
879 873 984 915 satis
1018 875 1140 914 acute
1171 871 1317 925 posuit
1349 871 1627 925 ridiculosmn,

100 947 162 989 IV
198 947 269 1001 15,
295 947 352 989 22
389 954 435 988 Μ
478 946 630 988 habuit
673 945 882 1000 aluerunt,
924 950 978 985 Ε;
1016 943 1250 985 αὒῖιιεν·ιιηέ;
1294 942 1339 983 111
1385 942 1479 983 aliis
1524 956 1623 983 uero

105 1019 277 1074 egregia
309 1017 498 1059 seruauit
529 1031 727 1058 recensor
758 1016 830 1057 ille
864 1030 914 1057 ex
946 1014 1034 1057 cod.
1066 1015 1235 1069 integro
1268 1014 1414 1067 petita.

225 1090 387 1139 Quibus
426 1090 470 1130 in
510 1088 765 1130 lectionibus
799 1089 911 1129 recte
950 1085 1227 1128 aestimandis
1265 1098 1344 1125 nos
1378 1100 1427 1126 ea
1460 1084 1625 1125 ratione

106 1165 276 1205 utemur
313 1164 361 1203 ut
402 1160 438 1202 si
477 1175 583 1214 quae
623 1160 751 1202 lectio
784 1159 828 1200 in
862 1158 980 1201 codd.
1012 1158 1162 1199 classis
1195 1164 1230 1198 Ε
1269 1156 1486 1197 inuenitur
1522 1170 1629 1209 quae

1640 1082 1684 1106 De
1704 1081 1821 1105 ratione
1841 1081 1900 1104 cri-

1642 1118 1702 1142 tica
1721 1115 1900 1142 exercenda.

104 1234 148 1275 in
187 1233 304 1275 codd.
338 1224 487 1274 classis
526 1232 582 1273 Μ’
610 1231 785 1273 0111111110
823 1245 911 1272 non
948 1230 1130 1271 liabetur
1169 1229 1241 1270 sed
1281 1242 1387 1269 saec.
1420 1225 1482 1268 IX
1520 1230 1561 1267 et
1592 1216 1644 1266 X*-

103 1306 166 1347 ita
203 1298 351 1377 'plane'
370 1296 593 1357 incoonita
632 1305 674 1344 et
705 1292 1243 1344 in'audi't'a'‘}'fz'it‘*‘1i't''lib1i
1274 1298 1297 1340 I
1328 1296 1470 1353 capita
1507 1299 1586 1339 1-
1592 1310 1630 1350 Ο,

106 1378 202 1418 eam'
213 1373 375 1417 ueram
403 1389 451 1416 ac
474 1373 706 1428 genuinam
727 1387 819 1415 esse
847 1386 1115 1427 summopere
1141 1369 1365 1435 probabile
1393 1371 1473 1411 est:
1500 1369 1631 1410 immo

107 1447 269 1489 certum
301 1439 368 1487 est
397 1445 507 1486 hanc
540 1435 826 1499 recipiendam
861 1459 953 1485 csse
988 1443 1023 1484 si
1056 1443 1099 1484 in
1133 1431 1450 1497 exemplaribus
1483 1439 1632 1481 classis

108 1525 154 1560 M
186 1519 304 1560 locus
337 1520 411 1558 aut
443 1520 669 1571 corruptus
703 1518 777 1558 aut
808 1530 1033 1570 per‘pelam
1065 1514 1285 1555 inuenitur
1312 1528 1362 1554 ex
1389 1511 1633 1554 coniectum

109 1589 381 1632 constitutus.
432 1587 525 1637 Qua
557 1589 601 1629 in
633 1603 677 1630 re
711 1603 789 1629 nos
823 1588 1005 1628 maxime
1038 1585 1207 1627 iuuabit
1238 1584 1396 1634 codicis
1426 1582 1458 1624 C
1492 1585 1633 1623 aucto-

109 1661 212 1702 ritas
257 1660 328 1715 qui
371 1673 466 1700 cum
512 1659 656 1701 omnia
699 1658 787 1700 fere
832 1658 1049 1700 contineat
1093 1670 1201 1712 quae
1239 1656 1323 1696 uiri
1367 1654 1481 1696 docti
1526 1667 1632 1694 saec.

110 1730 356 1785 Karolingii
388 1730 432 1771 in
466 1730 731 1772 emendando
763 1730 874 1771 libro
914 1728 1211 1783 praestiterint
1242 1741 1455 1781 nusquam
1487 1728 1633 1766 tamen

110 1803 288 1858 praebet
319 1802 524 1843 lectiones
558 1801 678 1843 codd.
704 1808 739 1842 Ε
771 1801 969 1856 proprias
1003 1800 1158 1841 nedum
1193 1799 1490 1853 supplementa
1521 1798 1634 1838 lacu-

111 1889 264 1916 narum
303 1887 409 1928 quae
449 1874 493 1914 in
532 1873 652 1915 codd.
685 1872 781 1914 inde
821 1887 845 1914 a
884 1887 991 1914 saec.
1018 1870 1101 1913 XII
1140 1870 1310 1911 demum
1349 1869 1635 1911 inueniuntur.

113 1945 276 1995 Quibus
320 1944 425 1986 locis
469 1945 513 1986 in
553 1943 584 1987 C
630 1959 760 1985 manu
798 1946 816 1984 1
866 1947 907 1985 et
944 1943 989 1984 in
1034 1942 1150 1984 codd.
1183 1941 1359 1996 reliquis
1405 1940 1552 1982 classis
1591 1945 1637 1979 M

113 2016 353 2058 emendatio
388 2015 531 2070 aliqua
562 2031 692 2057 manu
725 2016 751 2056 2
790 2015 951 2069 scripta
982 2014 1202 2055 inuenitur
1233 2014 1275 2054 in
1307 2013 1402 2054 loco
1435 2014 1635 2065 corrupto

115 2102 222 2142 quae
244 2087 457 2147 discrepat
484 2101 579 2128 cum
607 2087 819 2141 scriptura
846 2086 964 2128 codd.
984 2093 1032 2139 E,
1057 2086 1178 2126 illam
1204 2098 1377 2139 prorsus
1406 2082 1637 2124 abiciemus

116 2163 162 2200 ut
195 2173 244 2200 ex
280 2158 450 2213 ingenio
493 2158 716 2199 doctorum
756 2172 862 2199 saec.
888 2157 949 2198 IX
981 2157 1051 2198 uel
1081 2155 1120 2196 X
1152 2158 1319 2209 natam,
1356 2154 1466 2195 hanc
1504 2156 1551 2193 ut
1589 2166 1638 2193 ex

117 2229 205 2272 cod.
237 2230 405 2283 integro
438 2229 619 2283 petitam
651 2228 922 2283 recipiemus:
956 2228 1022 2269 sin
1055 2228 1200 2268 autem
1233 2225 1344 2280 quod
1378 2238 1500 2278 saepe
1535 2223 1639 2265 acci-

118 2301 229 2342 disse
267 2300 387 2341 uides
420 2314 470 2340 ex
509 2299 784 2342 adnotatione
817 2300 966 2342 critica
998 2298 1071 2340 ubi
1109 2298 1271 2352 passim
1305 2294 1380 2338 OE
1414 2295 1639 2337 coniuncte

117 2373 275 2427 legitur
300 2372 425 2413 lectio
458 2371 547 2413 cod.
576 2370 607 2413 C
641 2374 716 2412 aut
742 2378 828 2413 nr:
810 2371 979 2412 ).codd
1005 2376 1051 2412 Μ
1082 2369 1126 2411 111
1158 2369 1264 2410 locis
1298 2368 1371 2423 qui
1402 2368 1447 2409 in
1472 2374 1518 2409 M
1550 2382 1603 2409 m.
1616 2369 1636 2408 1

119 2446 315 2498 corrupte
341 2443 596 2498 legebantur
628 2457 724 2484 cum
750 2449 785 2483 E
818 2442 1109 2494 consentiunt,
1141 2440 1277 2481 multo
1310 2438 1527 2480 difficilius
1560 2439 1642 2479 erit

117 2514 320 2557 iudicium
358 2516 400 2555 et
437 2513 698 2568 impeditius.
759 2513 873 2555 Nam
917 2514 1041 2555 facile
1084 2512 1177 2553 fieri
1220 2511 1362 2566 potuit
1402 2513 1450 2551 ut
1492 2525 1641 2551 uerum

119 2585 332 2627 inuenerit
362 2585 447 2626 iam
481 2585 574 2626 aeui
607 2585 850 2639 Karolingii
882 2585 948 2625 uir
981 2584 1130 2625 doctus
1164 2582 1319 2636 aliquis
1352 2581 1472 2622 cuius
1506 2595 1642 2621 emen-

120 2657 337 2699 dationem
378 2656 509 2697 codex
540 2656 615 2697 ille
655 2670 762 2697 saec.
791 2654 877 2696 XII
917 2656 1116 2696 inuentus
1156 2652 1491 2695 confirinauerit:
1530 2650 1642 2706 quod

121 2728 281 2770 factum
320 2741 412 2768 esse
450 2740 775 2780 nonnumquam
814 2741 943 2779 supra
982 2741 1021 2779 p.
1049 2725 1103 2766 23
1148 2723 1433 2779 exposuimus.
1495 2720 1642 2776 Neque

124 2799 263 2840 minus
301 2812 426 2852 saepe
466 2797 621 2838 accidit
659 2800 705 2838 ut
742 2811 939 2838 recensor
978 2796 1097 2838 codd.
1136 2794 1402 2849 expletorum
1447 2808 1554 2848 quae
1600 2794 1643 2833 in

124 2870 214 2912 cod.
247 2884 322 2911 suo
355 2868 507 2910 mutilo
539 2868 705 2909 inuenit
737 2868 951 2922 adscripta
983 2870 1025 2908 et
1057 2866 1282 2908 emendata
1309 2880 1333 2906 a
1366 2865 1502 2906 doctis
1536 2879 1643 2906 saec.

124 2940 185 2982 IX
213 2943 254 2982 et
277 2940 318 2981 X
349 2941 409 2981 ita
441 2939 611 2995 egregie
643 2939 840 2981 iudicarit
866 2938 1101 2992 emendata,
1135 2941 1182 2979 ut
1213 2938 1288 2979 illa
1321 2937 1467 2979 omnia
1498 2936 1540 2977 in
1567 2950 1643 2977 suo
