2003 3116
699 144 885 177 PROLEG
891 144 960 177 OM
965 145 1067 176 ENA.
1567 141 1646 182 127

126 251 255 308 longe
288 252 419 294 aliam
452 252 585 294 habet
615 252 704 294 uim
730 277 785 281 —
812 267 912 294 nam
945 252 1062 294 locus
1093 251 1160 293 ΠΙ
1187 252 1226 305 9,
1256 252 1308 293 16
1341 250 1528 306 grauiter
1560 265 1651 292 cor-

127 324 278 377 ruptus
311 326 377 365 est
402 348 472 379 —,
505 323 578 366 sed
610 323 849 378 propositio
879 326 993 364 recte
1024 323 1213 378 positum
1245 322 1463 363 inuenitur
1493 320 1555 363 IV
1584 322 1652 376 16,

127 393 196 437 23.
220 395 294 450 49,
311 395 379 437 62.
423 394 543 436 Idem
569 395 683 436 cadit
709 394 754 435 in
780 393 1036 435 uocabulum
1062 393 1315 449 reprehensio
1343 408 1426 448 quo
1453 393 1651 448 neglecto

124 465 199 506 illo
233 465 443 507 uocabulo
475 464 700 518 confutatio
731 464 904 506 nonnisi
936 464 1017 505 hoc
1049 465 1187 519 capite
1220 478 1322 506 usus
1356 467 1433 506 est.

218 536 468 578 >Postremo
507 536 620 591 quod
659 549 787 590 supra
826 535 1032 589 suspicati
1071 549 1217 577 sumus
1255 550 1332 590 per
1370 536 1508 577 totum
1545 535 1651 576 illud

128 609 257 662 caput
294 607 488 662 exempla
526 607 672 649 ordine
710 605 940 647 immutato
973 605 1157 661 singulis
1198 606 1393 660 partibus
1428 620 1652 661 argumen-

127 677 308 721 tationis
342 677 485 720 addita
519 691 626 732 esse,
656 675 700 717 id
732 675 872 730 quiuis
906 675 1030 717 facile
1061 676 1294 731 perspiciet
1327 677 1456 717 semel
1489 676 1538 718 de
1570 677 1650 718 hac

127 764 173 791 re
205 749 395 791 monitus
423 749 495 804 qui
523 748 833 803 expositionem
859 749 996 789 totam
1025 749 1220 789 accurate
1247 746 1487 802 perlegerit.
1539 748 1651 789 Nam

127 820 199 862 ille
238 820 291 862 ad
329 820 437 862 uitia
480 820 668 875 partium
706 819 896 874 priorum
934 818 1001 859 III
1039 818 1294 859 illustranda
1339 819 1475 859 multa
1518 818 1650 860 habet

129 891 333 946 exempla,
359 891 411 933 ad
438 890 729 934 exornationis
755 889 863 932 uitia
889 889 1221 932 demonstranda
1241 889 1310 944 29,
1331 889 1388 930 46
1411 890 1480 930 uix
1507 904 1649 940 unum,

127 962 178 1004 ad
206 963 381 1004 ultimae
407 963 541 1018 partis
571 963 688 1018 uitia,
719 962 744 1004 i.
773 976 806 1004 e.
833 961 1155 1016 complexionis,
1188 975 1296 1016 quae
1329 975 1427 1015 pars
1461 961 1651 1002 omnium

128 1049 229 1076 sane
261 1035 517 1090 grauissima
547 1036 623 1090 est,
654 1034 819 1075 nullum
846 1033 931 1074 iam
961 1034 1198 1088 exemplum
1228 1034 1399 1087 praesto
1428 1034 1492 1074 est
1518 1033 1652 1074 omni-

128 1105 207 1147 bus
251 1105 337 1147 iam
386 1106 431 1146 in
479 1105 696 1160 prioribus
747 1104 943 1160 partibus
996 1103 1275 1158 consumptis,
1338 1104 1396 1144 At
1441 1103 1653 1159 quomodo

130 1177 325 1231 exempla
364 1192 440 1218 sua
479 1175 763 1230 consumpsit!
829 1174 948 1217 Conf.
983 1190 1089 1229 quae
1122 1175 1324 1230 leguntur
1357 1175 1400 1215 in
1433 1175 1655 1217 confirma-

127 1248 243 1289 tione
275 1248 455 1290 rationis
487 1248 645 1289 uitiosa
677 1247 774 1288 inde
807 1261 832 1289 a
864 1246 907 1287 II
934 1246 1008 1301 24,
1035 1246 1090 1288 38
1131 1246 1203 1287 ubi
1242 1246 1379 1301 primo
1420 1260 1521 1287 sane
1560 1246 1653 1287 loco

129 1322 171 1360 et
209 1319 392 1361 secundo
437 1319 628 1374 capitula
666 1318 879 1373 incipiunt
916 1317 1059 1359 uerbis
1103 1318 1254 1359 uitiosa
1298 1320 1356 1360 est
1396 1317 1652 1370 confirmatio

128 1391 323 1446 rationis,
366 1389 465 1432 inde
510 1405 534 1431 a
578 1388 707 1431 tertio
752 1388 862 1430 nihil
907 1388 1204 1443 praemittitur
1249 1387 1330 1429 nisi
1375 1388 1506 1430 uerba
1550 1388 1655 1430 Item

127 1462 326 1504 uitiosum
363 1464 429 1504 est.
492 1459 573 1502 Sed
613 1459 713 1516 quid
753 1460 927 1502 omnino
967 1459 1020 1501 ad
1060 1460 1430 1501 confirmationem
1476 1459 1654 1501 rationis

127 1534 315 1588 pertinet
360 1533 396 1575 si
440 1532 649 1587 praecipit
691 1532 766 1585 26,
793 1532 846 1572 41
883 1531 1001 1573 ‘item
1048 1531 1249 1572 uitiosum
1295 1533 1360 1572 est
1404 1531 1654 1585 uulgaribus

129 1604 450 1646 definitionibus
488 1603 581 1658 uti'‚
626 1604 694 1655 27,
720 1604 776 1645 43
818 1603 937 1645 ‘item
982 1603 1186 1644 uitiosum
1231 1605 1297 1643 est
1343 1602 1454 1657 quod
1501 1602 1655 1644 dicitur

129 1678 279 1717 contra
316 1675 467 1718 iudicis
507 1673 809 1730 uoluntatem',
847 1675 915 1729 27,
941 1675 998 1716 44
1032 1674 1151 1716 ‘item
1183 1674 1386 1715 uitiosum
1422 1676 1486 1715 est
1519 1676 1654 1714 artem

129 1750 203 1789 aut
242 1747 463 1789 scientiam
509 1751 583 1789 aut
628 1746 817 1788 studium
858 1745 1088 1802 quodpiam
1131 1744 1421 1800 uituperare’?
1484 1743 1654 1794 Quanto

129 1818 282 1860 melius
309 1820 352 1859 et
384 1818 523 1873 aptius
551 1816 699 1859 Cicero
726 1816 745 1857 I
772 1817 841 1872 48,
868 1817 922 1859 89
940 1831 1054 1872 seqq.
1087 1817 1193 1859 haee
1220 1817 1365 1858 omnia.
1397 1816 1535 1858 uoluit
1565 1831 1654 1870 per-

129 1890 266 1931 tinere
311 1890 363 1931 ad
406 1890 546 1945 ipsum
586 1903 721 1944 genus
768 1889 1158 1945 argumentationis
1204 1888 1441 1930 uitiosum?
1504 1887 1654 1942 Itaque

130 1964 310 2016 apparet
341 1961 493 2016 opinor
527 1961 572 2002 in
604 1960 840 2002 uetustiore
873 1960 1016 2015 aliqua
1043 1960 1258 2002 rhetorica
1285 1959 1439 2002 Latina
1467 1959 1654 2014 amplam

130 2032 260 2074 fuisse
293 2035 336 2074 et
368 2033 588 2086 copiosam
617 2031 960 2074 dissertationem
995 2031 1044 2073 de
1078 2030 1196 2072 uitiis
1230 2031 1654 2086 argumentationum

130 2119 214 2159 qua
239 2107 282 2145 et
307 2103 454 2146 Cicero
482 2106 524 2145 et
551 2104 735 2158 scriptor
761 2103 813 2144 ad
841 2102 938 2144 Her.
966 2117 1067 2144 usus
1095 2104 1170 2156 est,
1204 2102 1397 2156 exempla
1430 2104 1652 2157 poetarum

130 2175 199 2217 hic
219 2175 342 2230 plura
373 2175 607 2230 exscripsit,
630 2174 729 2228 quia
755 2173 799 2215 in
823 2173 942 2215 uitiis
967 2173 1116 2214 alienis
1145 2173 1348 2228 exemplis
1374 2188 1416 2214 se
1447 2173 1509 2214 uti
1528 2186 1654 2227 posse

132 2247 438 2301 arbitrabatur,
471 2246 710 2288 doctrinam
744 2245 931 2287 auctoris
964 2245 1102 2299 ipsam
1134 2247 1286 2286 neuter
1318 2244 1422 2286 satis
1457 2246 1654 2285 accurate

132 2320 385 2360 consecutus
418 2319 484 2358 est
514 2331 650 2372 neque
683 2331 792 2371 quae
825 2318 917 2357 erat
954 2316 1057 2357 artis
1090 2315 1279 2358 Graecae
1314 2330 1441 2371 quam
1475 2315 1655 2370 quisque

131 2391 302 2432 secutus
328 2391 394 2431 est
420 2388 611 2431 condicio
640 2390 739 2443 apte
766 2387 908 2443 potnit
935 2387 1145 2442 consequi.
1194 2387 1337 2442 Atque
1369 2387 1481 2428 hunc
1513 2386 1655 2442 ipsum

132 2461 181 2502 de
210 2461 327 2502 uitiis
357 2463 602 2515 poematum
630 2460 772 2501 locum
799 2473 952 2514 operae
980 2459 1165 2513 pretium
1193 2463 1258 2500 est
1282 2473 1454 2501 monere
1486 2458 1572 2500 iam
1601 2458 1654 2498 ab

133 2531 445 2586 antiquissimis
491 2530 783 2586 grammaticis
822 2532 1055 2572 tractatum
1098 2545 1189 2572 esse
1228 2530 1437 2585 siquidem
1484 2532 1656 2570 auctore

133 2601 330 2644 Charisio
346 2618 385 2657 p.
401 2603 496 2656 141,
508 2602 562 2643 33
583 2600 647 2650 Ὦ.
664 2601 831 2642 Laelius
847 2615 897 2641 ex
913 2601 1174 2655 principibus
1191 2600 1482 2656 grammaticis
1498 2600 1655 2640 librum

135 2689 256 2716 suum
290 2675 352 2715 ita
384 2673 624 2727 inscripsit:
657 2672 707 2713 de
739 2671 858 2713 uitiis
892 2671 1212 2726 uirtutibusque
1244 2669 1570 2726 poematorum'.

250 2744 401 2799 Itaque
440 2744 513 2799 qui
553 2743 816 2785 arbitrantur
854 2741 1104 2784 Ciceronem
1144 2742 1279 2784 libros
1319 2743 1369 2784 ad
1410 2742 1509 2783 Her.
1543 2756 1654 2783 com-

134 2817 291 2870 pilasse
323 2816 451 2857 uelim
486 2818 528 2856 et
558 2815 633 2855 illa
665 2828 773 2869 quae
806 2813 932 2855 modo
961 2813 1138 2868 exposui
1171 2816 1424 2868 argumenta
1456 2813 1656 2854 refellant

135 2890 177 2929 et
211 2888 330 2930 haec.
394 2887 585 2929 Primum
629 2886 691 2928 eis
739 2884 1117 2927 demonstrandum
1161 2885 1242 2926 erit
1286 2883 1533 2927 Ciceronem
1579 2884 1653 2926 illo
