2003 3116
684 99 1052 141 PROLEGOMENAI
1549 102 1630 142 119

229 210 310 253 Sed
349 211 564 253 rhetorem
612 211 805 266 exempla
848 211 924 253 illa
969 211 1113 253 onmia
1159 226 1266 266 quae
1310 212 1353 252 iu
1399 210 1516 252 uitiis
1561 211 1630 252 ad-

107 282 303 324 feruntur
337 283 479 337 ipsum
517 283 560 324 in
594 282 725 324 Ennii
757 281 890 324 Caelii
923 281 1120 324 Curionis
1160 281 1283 324 libris
1322 282 1631 337 conquisiuisse

109 353 225 395 0111111
257 356 375 395 caret
405 353 721 408 probabilitate.
785 352 984 395 Creditur
1017 353 1185 408 quidem
1218 354 1349 409 uulgo
1383 352 1630 396 Ciceronem

109 425 365 479 compilasse
403 425 537 466 libros
577 424 631 466 ad
663 423 762 466 Her.
795 438 902 478 quae
941 424 1134 478 quaestio
1173 424 1375 479 quoniam
1417 425 1631 466 artissime

108 510 202 536 cum
231 495 315 537 ista
342 495 634 550 disputatione
668 494 717 536 de
750 495 954 548 exemplis
989 495 1213 537 coniuncta
1247 497 1312 536 est
1343 496 1429 537 iam
1464 510 1632 538 accura-

107 566 192 608 tius
224 566 349 609 nobis
383 566 463 607 erit
495 564 732 607 tractanda.

225 637 369 692 Atque
407 640 495 677 tres
536 635 760 691 praecipue
799 635 848 676 de
887 635 1055 677 ratione
1095 651 1202 690 quae
1248 637 1361 678 inter
1400 638 1530 679 libros
1579 639 1629 679 ad

111 708 230 750 Her.'
256 710 298 748 et
341 707 390 749 de
434 707 519 748 inu.
564 706 802 749 intercedat
845 707 1040 761 prolatae
1086 710 1188 748 sunt
1232 708 1480 750 sententiae.
1543 709 1632 750 Alii

108 780 308 820 dixerunt
338 779 473 820 libros
507 778 558 820 ad
585 777 686 820 Her.
714 793 763 819 ex
796 777 919 820 libris
953 778 1001 819 de
1035 779 1121 820 inu.
1154 779 1388 833 exscriptos
1423 793 1526 834 esse,
1559 780 1631 821 alii

106 850 329 906 utriusque
369 850 508 905 operis
550 852 767 891 auctorem
798 849 843 890 in
879 849 1028 891 eodem
1060 849 1159 891 ludo
1194 850 1246 891 ab
1280 850 1426 891 eodem
1460 850 1631 893 doctore

107 921 366 976 institutum,
399 922 526 977 longe
560 920 734 975 plurimi
769 919 1015 962 Ciceronem
1050 920 1184 962 furem
1218 936 1295 976 per
1326 922 1483 962 malam
1517 922 1631 963 frau-

108 992 202 1033 dem
235 993 371 1034 libros
404 993 455 1035 ad
490 991 588 1034 Her.
623 991 890 1046 compilasse.
955 992 1143 1041 Quarum
1178 993 1488 1034 sententiarum
1523 1008 1631 1047 quae

107 1063 235 1105 tertio
275 1063 368 1106 1000
408 1063 623 1119 profertur
661 1048 922 1118 cmnge
966 1063 1164 1117 plurimis
1212 1064 1394 1118 probata
1434 1064 1507 1119 sit,
1551 1079 1631 1106 nos

107 1150 198 1176 eam
232 1135 419 1190 primum
454 1135 682 1191 diligenter
723 1135 806 1176 iam
841 1135 1192 1176 examinabimus.
1255 1134 1397 1190 Atque
1430 1135 1631 1189 grauissi-

108 1221 201 1248 mus
229 1206 399 1262 quidem
426 1207 615 1248 omnium
651 1207 769 1248 locus
803 1209 845 1248 et
875 1206 1000 1248 huius
1035 1206 1273 1248 sententiae
1308 1206 1628 1248 fundamentum

106 1277 279 1321 unicum
312 1280 354 1319 et
387 1278 602 1333 singulare
635 1278 705 1320 1110
738 1281 819 1319 est:

225 1349 316 1391 Iam
356 1349 572 1391 Antonius
611 1349 894 1391 Mancinellus
942 1350 985 1390 in
1031 1349 1299 1405 praefatione
1345 1350 1442 1391 edit.
1481 1349 1630 1391 Venet.

107 1436 142 1462 a.
172 1421 284 1463 1496
317 1421 583 1476 comparauit
609 1421 660 1462 ad
688 1420 789 1462 Her.
815 1420 836 1461 I
863 1421 901 1475 9,
931 1422 984 1463 16
1019 1436 1115 1462 cum
1147 1421 1196 1462 de
1223 1421 1308 1462 inu.
1334 1421 1354 1461 I
1384 1422 1449 1476 17,
1470 1422 1525 1463 ‘23
1558 1422 1630 1463 ubi

105 1492 209 1534 haec
251 1493 467 1546 leguntur:
519 1491 657 1533 ‘Nunc
703 1492 1014 1534 insinuationes
1057 1492 1414 1547 quemadmodum
1457 1493 1630 1534 tractari

106 1564 334 1605 conueniat
383 1564 580 1618 deinceps
633 1563 858 1605 dicendum
910 1563 1090 1605 uidetur.
1155 1563 1450 1605 Insinuatioue
1500 1565 1631 1619 igitur

106 1635 311 1676 utendum
345 1637 426 1690 est,
467 1649 560 1677 011111
595 1634 847 1676 admirabile
880 1648 1014 1690 genus
1049 1649 1201 1676 causae
1236 1637 1318 1689 est,
1355 1634 1435 1676 1100
1468 1637 1551 1689 est,
1585 1639 1631 1676 ut

106 1708 204 1748 ante
238 1706 440 1760 diximus,
475 1721 569 1747 011111
604 1707 773 1748 animus
807 1706 1017 1749 auditoris
1051 1706 1233 1748 infestus
1267 1709 1343 1748 est.
1406 1706 1453 1747 Id
1487 1708 1629 1747 autem

106 1777 242 1819 tribus
270 1792 318 1818 ex
346 1778 483 1819 causis
511 1777 560 1819 fit
587 1778 787 1819 maxime:
821 1778 856 1819 si
890 1780 965 1819 aut
997 1778 1107 1819 inest
1137 1778 1180 1819 in
1213 1778 1308 1832 ipsa
1341 1792 1470 1820 causa
1503 1792 1629 1832 quae-

106 1849 202 1890 dam
242 1847 482 1903 turpitudo,
521 1850 596 1889 aut
636 1848 689 1890 ab
728 1848 781 1889 iis
815 1849 887 1904 qui
923 1851 1020 1889 ante
1054 1849 1267 1905 dixerunt,
1307 1850 1391 1891 iam
1428 1849 1629 1904 quiddam

106 1919 291 1961 auditori
334 1934 584 1974 persuasum
630 1919 800 1961 uidetur
846 1922 920 1961 aut
964 1934 1012 1962 eo
1057 1922 1250 1975 tempore
1294 1921 1412 1963 loeus
1463 1921 1629 1962 dicendi

107 1991 243 2043 datur,
264 2004 360 2032 011111
386 1991 473 2032 iam
499 1991 561 2032 illi
589 2006 696 2046 quos
719 1991 863 2032 audire
885 1993 1067 2046 oportet,
1093 1991 1248 2033 defessi
1269 1994 1368 2033 sunt
1390 1991 1628 2033 audiendo.⁹

106 2062 239 2104 Plane
284 2062 483 2104 similiter
528 2062 581 2104 ad
625 2062 727 2104 Her.
758 2062 779 2103 I
812 2063 855 2117 6,
884 2062 928 2103 9:
974 2062 1201 2117 ‘Deinceps
1247 2063 1296 2104 de
1341 2063 1629 2104 insinuatione

106 2133 379 2188 aperiendum
406 2135 482 2175 est.
532 2133 633 2175 Tria
660 2135 760 2175 sunt
791 2136 987 2188 tempora
1016 2134 1170 2189 quibus
1202 2134 1413 2188 principio
1446 2134 1510 2175 uti
1542 2148 1628 2175 non

105 2219 346 2260 possumus,
373 2219 480 2260 quae
501 2204 730 2260 diligenter
757 2207 857 2246 sunt
883 2205 1208 2247 consideranda:
1239 2207 1313 2246 aut
1338 2220 1434 2247 cum
1460 2207 1627 2260 turpem

106 2290 280 2318 causam
312 2276 538 2331 habemus,
575 2275 656 2318 1100
689 2279 754 2318 est
786 2291 880 2318 cum
914 2276 1009 2331 ipsa
1040 2291 1108 2318 res
1141 2276 1330 2318 animum
1365 2275 1571 2318 auditoris
1605 2292 1630 2317 a

104 2347 229 2389 nobis
279 2347 456 2403 alienat,
506 2350 580 2390 aut
629 2363 724 2390 011111
777 2349 944 2390 animus
993 2348 1199 2390 auditoris
1252 2363 1482 2403 persuasus
1536 2363 1627 2390 esse

105 2418 274 2459 uidetur
318 2419 372 2460 ab
417 2419 468 2461 iis
509 2420 582 2474 qui
621 2422 719 2461 ante
759 2421 909 2461 contra
953 2420 1152 2461 dixerunt
1190 2422 1264 2461 aut
1301 2435 1394 2462 cum
1435 2419 1627 2461 defessus

106 2491 172 2530 est
205 2504 275 2531 eos
309 2489 518 2532 audiendo
551 2491 622 2545 qui
655 2493 753 2533 ante
788 2491 1012 2533 dixerunt.²

223 2561 349 2603 Hunc
388 2561 528 2616 ipsum
567 2563 705 2604 locum
747 2565 899 2616 postea
931 2563 1073 2618 tangit
1106 2578 1201 2604 cum
1234 2563 1492 2605 transitione
1524 2578 1626 2604 usus

107 2632 334 2673 admodum
366 2633 536 2687 loquaci
570 2635 612 2674 et
644 2633 965 2674 continuatione
997 2634 1204 2688 impedita
1236 2637 1278 2674 et
1310 2635 1491 2675 molesta
1523 2634 1627 2676 haec

107 2704 270 2745 scribat
300 2703 320 2744 Ι
346 2704 384 2758 9,
414 2704 485 2745 16;
531 2703 698 2745 ‘Adhuc
732 2718 839 2759 quae
873 2704 985 2745 dicta.
1018 2707 1134 2759 sunt,
1171 2705 1358 2746 arbitror
1390 2705 1495 2746 mihi
1528 2719 1625 2746 con-

107 2777 223 2816 stare
255 2789 349 2817 eum
384 2774 534 2817 ceteris
568 2775 672 2816 artis
706 2774 1008 2829 scriptoribus,
1047 2775 1131 2816 nisi
1163 2776 1262 2830 quia
1294 2776 1345 2817 de
1375 2775 1626 2817 insinuatio-

107 2846 232 2888 nibus
264 2861 378 2888 noua
410 2845 761 2901 excogitauimus,
795 2846 908 2901 quod
941 2861 1033 2887 eam
1071 2847 1150 2888 soli
1184 2849 1353 2901 praeter
1385 2849 1548 2890 ceteros
1581 2847 1624 2888 in

1646 209 1690 233 Do
1704 209 1821 234 ratione
1837 217 1914 241 quae

1652 245 1731 269 iuter
1757 246 1914 270 Ciceronis

1651 281 1748 305 libros
1762 281 1798 305 de
1812 280 1874 305 inu.
1886 284 1915 305 et

1651 316 1836 341 rhetoricam
1876 317 1914 340 ad

1651 352 1723 377 Her.
1734 352 1913 378 intercedat.

1673 659 1682 768 1

1779 816 1869 869 Ἤ,

1790 931 1851 960 ⁹¹2>

1800 963 1858 1023 :7
