2003 3116
413 207 466 247 70
972 200 1339 234 PROLEGOMENA.

411 315 461 357 ad
490 312 589 355 Her.
615 311 894 353 inueniuntur
926 308 1081 350 omnia.
1131 306 1228 362 Ego
1262 306 1363 361 quia
1395 321 1542 348 omnes
1570 305 1786 348 Cornificii
1810 306 1926 348 locos

410 386 454 426 in
493 383 675 424 editione
715 381 766 422 ad
805 380 986 420 uerbum
1026 378 1240 432 exscripta
1278 377 1420 428 attuli,
1466 377 1610 432 relego
1656 377 1835 419 lectores
1875 378 1927 419 ad

411 453 470 495 IV
496 453 641 507 14‚20.
676 451 742 504 15,
758 450 824 492 22.
859 450 925 504 18,
940 448 1008 491 25.
1044 449 1192 503 19‚21.
1227 449 1293 502 22,
1309 448 1376 490 30.
1409 447 1477 498 25,
1493 447 1559 490 35.
1595 447 1745 500 2240.
1778 449 1928 504 36‚48.

412 523 491 565 Sed
523 522 588 564 illi
622 522 695 576 qui
733 521 1002 563 arbitrantur
1035 518 1347 569 Quintilianum
1389 517 1632 559 adhibuisse
1670 516 1929 560 rhetoricam

415 594 466 635 ad
492 593 593 635 Her.
625 593 902 634 uehementer
935 593 1089 632 errant.
1143 589 1334 639 Quorum
1365 589 1409 630 in
1440 603 1618 630 numero
1651 602 1730 644 ego
1764 603 1929 644 quoque

413 666 538 707 antea
570 664 630 706 fui
663 679 790 719 quam
824 665 1051 717 utrumque
1091 661 1342 716 scriptorem
1381 660 1551 715 penitus
1585 673 1805 701 noueram:
1846 675 1929 715 quo

412 736 526 778 facto
567 736 701 778 abieci
739 735 859 776 illam
899 733 1155 775 sententiam
1194 731 1308 773 Berl.
1340 731 1553 787 Philolog.
1581 730 1933 773 Wochenschrift

417 807 528 849 1890
569 823 608 862 p.
643 807 754 849 1008
800 804 947 847 eadem
993 819 1093 846 usus
1140 802 1512 859 argumentatione
1558 817 1639 857 qua
1683 817 1793 844 nunc
1836 805 1933 844 utor

413 879 531 921 cuius
564 878 842 920 fundamenta
873 878 1025 931 postea
1057 874 1203 917 inueni
1236 875 1322 916 iam
1356 889 1380 915 a
1411 874 1628 915 ueteribus
1660 874 1773 915 iacta
1799 873 1932 915 ueluti

417 966 441 992 a
471 950 627 991 Ioanni
658 948 796 991 Mario
823 947 978 989 Mattio
1005 946 1209 988 Brixiano
1242 946 1285 986 in
1319 945 1567 1000 opinionum
1599 944 1720 986 libris
1747 944 1934 986 Alexan-

416 1021 533 1063 driae
573 1020 794 1063 Statiellae
834 1018 960 1060 editis
1001 1033 1110 1060 anno
1154 1017 1264 1059 1598
1298 1032 1337 1072 p.
1360 1016 1444 1058 165
1467 1030 1581 1071 seqq.
1643 1015 1794 1070 Neque
1833 1030 1933 1058 uero

417 1092 630 1135 Schuetzii
657 1090 930 1147 probauerim
961 1088 1378 1144 argumentationem
1400 1087 1472 1143 qui
1496 1087 1602 1130 haec
1621 1086 1785 1142 profert
1803 1087 1935 1143 praef.

415 1181 455 1220 p.
498 1163 613 1206 XLI:
676 1162 871 1204 eEtenim
927 1160 1216 1210 Quintilianus
1266 1173 1354 1201 non
1404 1158 1545 1200 minus
1596 1173 1737 1200 errare
1785 1159 1938 1214 potuit,

416 1236 495 1277 hos
528 1235 663 1276 libros
697 1232 924 1276 Cornificio
957 1232 1168 1285 tribuens,
1200 1245 1327 1286 quam
1359 1229 1606 1271 Priscianus
1640 1245 1711 1272 eos
1742 1228 1937 1272 Ciceroni

418 1305 672 1362 assignans',
711 1304 785 1345 sed
816 1303 883 1344 his
917 1303 1079 1344 duabus
1114 1302 1163 1343 de
1203 1302 1341 1344 causis
1379 1302 1500 1342 illum
1534 1300 1749 1342 Cornificii
1778 1302 1936 1343 librum

418 1394 441 1419 a
468 1376 733 1426 Quintiliano
762 1373 1004 1416 adhibitum
1037 1373 1294 1416 rhetoricam
1323 1372 1376 1413 ad
1402 1371 1501 1413 Her.
1528 1387 1615 1414 non
1646 1387 1737 1414 esse
1770 1387 1937 1419 censeo:

536 1447 726 1488 Primum
760 1449 834 1488 aut
866 1445 978 1487 oculi
1016 1444 1122 1487 mihi
1161 1443 1425 1487 caecuttiunt
1457 1446 1531 1485 aut
1562 1458 1773 1499 nusquam
1809 1443 1938 1493 Quin-

418 1520 595 1562 tilianus
636 1519 775 1560 locum
822 1516 1033 1572 quendam
1085 1516 1240 1559 adtulit
1284 1514 1504 1558 Cornificii
1556 1515 1629 1570 qui
1678 1516 1846 1571 legatur
1894 1516 1939 1556 in

419 1591 541 1633 libris
575 1590 627 1632 ad
658 1589 760 1631 Her.
785 1589 805 1630 I
826 1588 868 1630 Π
888 1588 972 1630 III:
1012 1603 1064 1630 ne
1097 1603 1244 1630 eorum
1277 1586 1446 1642 quidem
1480 1602 1587 1642 quae
1620 1587 1728 1629 libro
1756 1586 1819 1628 IV
1851 1602 1940 1641 cap.

425 1664 567 1705 1—12
599 1664 829 1716 praecepta
867 1661 1070 1715 leguntur
1109 1659 1159 1700 de
1199 1659 1518 1700 characteribus
1558 1658 1724 1700 dicendi
1759 1657 1809 1699 de
1847 1658 1940 1699 bar-

422 1734 609 1775 barismo
651 1733 700 1774 de
739 1731 1054 1786 compositione
1087 1730 1377 1780 Quintilianus
1412 1732 1486 1771 aut
1526 1730 1683 1771 similia
1714 1731 1789 1771 aut
1820 1729 1941 1783 paria

422 1805 602 1860 protulit
640 1804 717 1845 sub
751 1802 963 1845 Cornificii
1004 1802 1193 1844 nomine:
1232 1801 1344 1856 quod
1387 1816 1437 1843 ex
1476 1801 1537 1842 eis
1570 1816 1673 1856 quos
1714 1815 1843 1856 supra
1874 1815 1940 1842 ex-

424 1876 576 1931 scripsi
615 1874 803 1916 numeris
845 1876 887 1915 et
925 1888 975 1915 ex
1007 1873 1193 1915 cuiusuis
1226 1872 1426 1914 editionis
1460 1871 1774 1921 Quintilianeae
1805 1872 1940 1913 indice

422 1948 550 1990 facile
602 1947 762 1988 discere
812 1945 970 1987 licebit.
1034 1944 1173 1994 Quare
1224 1958 1371 1985 omnes
1424 1943 1632 1985 eiusmodi
1677 1943 1940 1998 suspiciones

424 2019 595 2073 qualem
619 2016 837 2072 Kayserus
870 2015 1001 2071 praef.
1032 2031 1071 2071 p.
1093 2015 1200 2058 VIII
1232 2015 1326 2057 adn.
1354 2015 1380 2057 5
1413 2014 1613 2069 probauit
1652 2029 1748 2056 cum
1782 2014 1940 2056 diceret

427 2089 606 2131 refutari
638 2090 914 2143 praeceptum
947 2087 1050 2128 illud
1081 2086 1133 2128 ad
1160 2086 1257 2129 Her.
1284 2086 1306 2127 Ι
1335 2087 1475 2141 10,17
1511 2086 1726 2140 prolatum
1759 2101 1782 2126 a
1816 2085 1942 2135 Quin-

424 2161 575 2202 tiliano
602 2159 665 2202 IV
692 2159 731 2210 5,
753 2160 777 2200 3
812 2159 884 2200 ubi
917 2159 1094 2213 legitur:
1129 2157 1405 2213 ‘quapropter
1437 2172 1489 2199 ne
1522 2158 1617 2199 illos
1650 2156 1818 2212 quidem
1848 2172 1943 2211 pro-

425 2232 620 2275 bauerim
659 2231 730 2287 qui
768 2229 1048 2285 partitionem
1088 2232 1238 2271 uetant
1275 2230 1389 2271 ultra
1421 2228 1500 2270 tris
1533 2227 1846 2283 propositiones
1879 2242 1944 2269 ex-

426 2303 616 2346 tendere’
650 2303 702 2344 ab
737 2302 797 2343 eis
831 2302 902 2356 qui
929 2303 1050 2343 caute
1079 2303 1121 2342 et
1147 2300 1372 2356 diligenter
1398 2300 1590 2342 iudicant
1618 2314 1794 2354 prorsus
1821 2301 1945 2340 erunt

427 2374 683 2417 abiciendae.
747 2372 862 2414 Cane
895 2372 1009 2413 dicas
1043 2371 1354 2420 Quintilianum
1396 2385 1546 2425 parum
1586 2373 1782 2412 accurate
1821 2385 1944 2411 usum

428 2461 519 2487 esse
552 2443 798 2487 Cornificio:
837 2457 959 2497 quem
999 2457 1126 2497 quam
1167 2442 1486 2484 accuratissime
1529 2441 1770 2482 edidicerat.
1831 2440 1943 2482 Nam

426 2515 538 2558 libro
560 2514 599 2556 V
633 2529 722 2569 cap.
745 2515 799 2556 10
827 2514 899 2555 ubi
927 2514 975 2554 (le
1004 2513 1268 2569 argumentis
1297 2513 1387 2568 agit
1413 2527 1498 2554 non
1526 2512 1819 2554 commeminit
1845 2512 1943 2553 libri

428 2587 469 2628 Π
502 2587 554 2629 ad
592 2585 692 2627 Her.
731 2586 775 2627 in
813 2599 896 2640 quo
937 2584 1334 2641 argumentationes
1378 2586 1632 2637 tractantur,
1672 2583 1745 2625 sed
1782 2583 1944 2638 figurae

430 2658 608 2700 alicuius
648 2671 754 2712 quae
788 2656 840 2698 ad
871 2655 972 2697 Her.
998 2655 1061 2697 IV
1092 2656 1158 2710 18,
1178 2655 1234 2698 25
1268 2655 1522 2697 contrarium
1562 2655 1801 2710 appellatur
1834 2654 1946 2709 quod

430 2744 480 2770 ex
518 2727 751 2783 ἐνθύμημα
784 2727 1044 2769 Graecorum
1086 2742 1339 2769 conuersum
1382 2730 1457 2767 est.
1519 2726 1681 2767 Tamen
1713 2725 1817 2765 satis
1850 2739 1946 2765 con-

432 2802 518 2841 stat
557 2802 720 2841 ueteres
752 2799 895 2853 priore
932 2801 1055 2853 parte
1093 2799 1297 2840 librorum
1332 2812 1437 2852 quos
1479 2796 1777 2838 exscribebant
1808 2796 1945 2850 magis

432 2885 531 2911 usos
562 2885 654 2911 esse
681 2885 809 2924 quam
840 2870 1080 2923 posteriore
1115 2872 1188 2910 aut
1221 2868 1335 2909 exitu
1362 2882 1440 2909 nec
1470 2866 1759 2916 Quintilianus
1787 2867 1840 2907 ab
1868 2866 1946 2907 hac

434 2940 736 2982 consuetudine
771 2940 945 2981 alienus.
