2003 3116
445 164 590 196 LIBER
613 164 664 197 IV
688 162 778 208 (Vl).
830 162 928 197 CAP.
955 164 1108 197 45—47.
1158 164 1177 203 ξ
1204 164 1353 196 58-60,
1569 159 1652 202 361

256 269 338 312 Per
374 271 702 326 negationem
742 270 906 313 dicetur
943 271 1197 326 probandi
1235 284 1363 312 causa
1398 270 1479 312 hoc
1511 270 1656 312 modo:

318 341 488 397 ‘Neque
527 357 658 397 equus
699 342 952 396 indomitus,
991 342 1186 397 quamuis
1225 342 1331 384 bene
1370 344 1524 383 natura
1557 356 1655 384 con-

200 414 368 468 positus
402 414 469 467 sit,
501 414 678 456 idoneus
711 415 855 468 potest
887 428 978 455 esse
1012 413 1063 454 ad
1097 428 1168 454 eas
1198 414 1420 466 utilitates,
1454 428 1561 468 quae
1588 414 1655 454 de-

199 484 441 526 siderantur
486 485 539 526 ab
585 499 714 539 equo3
758 498 893 538 neque
937 484 1066 526 homo
1108 484 1561 544 indoctusfquamuis
1599 485 1656 526 sit

199 555 467 611 ingeniosus,
502 555 552 597 ad
586 556 788 597 uirtutem
821 557 966 610 potest
996 553 1248 609 peruenire.'

257 625 352 667 Hoc
384 627 650 680 probabilius
682 626 844 667 factum
878 628 954 677 est,
987 626 1099 681 quod
1131 626 1268 681 magis
1302 629 1367 668 est
1398 627 1488 668 ueri
1516 627 1654 669 simile

138 711 224 738 non
243 711 368 751 posse
388 697 594 739 uirtutem
615 697 706 738 sine
728 697 920 738 doctrina
941 697 1176 751 conparari,
1204 697 1404 752 quoniam
1425 698 1655 753 <quidem>

138 784 190 810 ne
212 783 345 824 equus
366 768 536 823 quidem
559 768 793 810 indomitus
815 768 990 810 idoneus
1011 768 1150 823 possit
1170 783 1274 810 esse.
1306 768 1424 824 Ergo
1440 772 1657 824 sumptum

141 843 206 882 est
237 839 449 894 probandi
481 854 630 895 causa,
669 839 827 881 dictum
862 842 1004 881 autem
1036 855 1112 894 per
1143 841 1436 895 negationem,
1469 841 1511 882 id
1545 841 1655 882 enim

87 924 121 949 ιο
140 911 412 966 perspicuum
445 913 509 952 est
540 911 590 952 de
623 911 761 965 primo
795 910 1090 952 similitudinis
1123 910 1268 953 uerbo.

255 980 457 1023 Sumetur
496 985 538 1023 et
577 982 813 1036 apertius
847 981 1047 1023 dicendi
1081 996 1209 1024 causa
1243 982 1381 1024 simile
1418 1007 1468 1013 —
1503 983 1658 1026 dicitur

136 1069 213 1109 per
245 1054 553 1096 breuitatem
592 1077 641 1083 —
675 1053 757 1095 hoc
792 1053 933 1095 modo:

315 1120 613 1167 ‘In'amicitia
650 1124 850 1180 gerenda,
891 1124 1057 1179 sic<ut>
1095 1126 1139 1167 in
1179 1126 1411 1168 certamine
1451 1127 1658 1182 currendi,

197 1210 282 1238 non
326 1196 389 1237 ita
428 1196 630 1239 conuenit
669 1197 871 1249 exerceri,
916 1200 974 1252 ut,
1013 1196 1153 1252 quoad
1190 1212 1362 1239 necesse
1401 1199 1474 1253 sit,
1513 1199 1658 1240 uenire

88 1280 120 1305 15
199 1267 360 1322 possis,
413 1268 485 1309 sed
529 1271 577 1309 ut
620 1268 853 1322 productus
899 1268 1038 1309 studio
1085 1271 1127 1310 et
1171 1269 1333 1311 uiribus
1378 1270 1492 1312 ultra
1533 1269 1658 1313 facile

197 1338 452 1394 procurraS.³

257 1410 371 1452 Nam
407 1411 489 1453 hoc
529 1411 669 1453 simile
709 1415 793 1468 est,
833 1418 880 1456 ut
918 1417 1106 1471 apertius
1139 1418 1417 1474 intellegatur
1448 1420 1563 1461 mala
1593 1435 1659 1462 ra-

145 1482 263 1523 tione
306 1481 464 1536 facere,
509 1483 581 1539 qui
625 1485 939 1539 reprehendant
983 1502 1075 1542 eos,
1121 1490 1193 1545 qui
1235 1491 1356 1532 uerbi
1395 1505 1523 1533 causa
1560 1496 1660 1546 post

143 1555 326 1595 mortem
372 1555 498 1596 amici
542 1555 702 1597 liberos
745 1557 834 1598 eius
878 1559 1141 1615 custodiant,
1185 1565 1414 1617 propterea
1458 1562 1571 1617 quod
1615 1563 1659 1604 in

104 1638 313 1666 ocursore
350 1628 519 1667 tantum
559 1626 802 1669 uelocitatis
841 1643 932 1671 esse
970 1634 1184 1687 oporteat,
1223 1638 1271 1674 ut
1308 1633 1508 1675 efferatur
1545 1634 1659 1675 ultra

138 1695 287 1751 finem,
318 1696 362 1737 in
396 1698 532 1739 amico
564 1701 733 1740 tantum
768 1700 1096 1757 beniuolentiae,
1132 1704 1209 1757 <ut
1240 1705 1355 1746 ultra
1388 1719 1516 1759 quam
1549 1705 1658 1760 quod

140 1767 300 1809 amicus
339 1769 495 1810 sentire
532 1770 688 1823 possit,
727 1776 953 1826 procurrat
991 1774 1235 1829 amicitiae>
1268 1776 1422 1818 studio.
1486 1775 1659 1818 Dictum

140 1841 283 1880 autem
316 1839 454 1880 simile
484 1842 548 1880 est
572 1854 648 1894 per
674 1840 942 1884 breuitatem.
994 1842 1092 1886 Non
1119 1846 1233 1887 enim
1259 1846 1331 1901 ita,
1364 1850 1411 1888 ut
1436 1847 1482 1888 in
1508 1847 1660 1889 ceteris

257 1997 279 2032 2
304 1997 442 2032 Himer.
466 2009 516 2032 or.
538 1997 690 2033 XX1V3
718 1995 814 2033 οὕτω
841 1998 904 2033 καὶ
932 2000 1043 2039 ἵππος
1069 1997 1184 2044 ταχὺς
1208 1996 1302 2043 πρὸς
1329 1997 1466 2044 δρόμον
1492 2001 1658 2044 γίγνεται

138 2046 232 2086 ὅταν
259 2049 308 2096 μὴ
336 2053 474 2096 μᾶλλον
501 2048 576 2086 ἀπὸ
604 2052 666 2096 τῆς
688 2051 832 2096 φάτνης
857 2048 879 2097 ἢ
907 2053 969 2096 τῆς
990 2052 1143 2098 μελέτης
1165 2052 1278 2100 βλέπῃ
1299 2052 1339 2088 τὸ
1363 2053 1516 2088 στάδιον
1543 2054 1660 2089 Varro

139 2106 208 2139 sat.
236 2103 398 2149 Menipp.
427 2107 494 2139 559
520 2105 549 2138 Β

141 2231 416 2273 compararetur
431 2229 472 2264 bl
543 2242 578 2274 p.
595 2233 675 2274 360,
695 2229 744 2265 25
764 2232 805 2264 ut
819 2251 862 2255 —
880 2230 1122 2265 adserebatur
1141 2231 1198 2266 del
1211 2230 1423 2267 Selzuctzius
1496 2231 1545 2267 26
1565 2243 1661 2267 asse-

140 2281 309 2316 rebamus
324 2283 364 2318 bl
419 2282 441 2317 1
458 2282 500 2316 df
513 2283 559 2317 H
603 2283 626 2317 2
643 2283 856 2328 conpositus
870 2284 991 2319 ΗΡΘ
1015 2284 1243 2329 compositus
1263 2285 1394 2330 reliqui
1442 2285 1466 2320 3
1486 2284 1590 2320 ideus
1604 2285 1663 2320 Η1

142 2337 180 2370 et
206 2337 315 2380 aptus
342 2346 436 2380 quae
462 2336 504 2370 bl
606 2336 630 2370 6
655 2347 727 2380 quo
757 2336 788 2372 Ο
894 2338 911 2372 7
940 2339 1066 2383 posset
1091 2339 1111 2373 b
1222 2338 1417 2383 conparari
1445 2338 1530 2374 ΗΡ
1565 2349 1662 2373 com-

141 2388 266 2434 parari
290 2390 422 2434 reliqui
555 2390 728 2433 quoniam
755 2390 905 2435 quidem
931 2392 971 2426 bl
1009 2391 1186 2436 quoniam
1219 2392 1286 2426 dm
1419 2392 1442 2427 8
1468 2404 1513 2427 ne
1539 2392 1662 2427 HPH

139 2454 208 2478 nec
233 2442 352 2477 P2GE
378 2452 467 2486 neq;
495 2442 531 2476 B
656 2443 680 2477 9
707 2443 848 2478 dictum
875 2447 931 2479 est
958 2445 977 2478 b
1098 2446 1222 2479 autem
1255 2455 1310 2480 om
1343 2445 1362 2480 b
1401 2446 1526 2480 autem
1558 2447 1614 2479 est
1640 2446 1663 2479 cl

141 2495 238 2531 enim
265 2500 292 2529 E
331 2507 414 2530 cum
439 2499 475 2528 M
549 2495 596 2530 11
622 2496 769 2531 Dicitur
795 2503 920 2532 autem
944 2501 972 2530 E
1056 2497 1105 2532 13
1130 2496 1183 2543 in]
1214 2509 1261 2532 an
1286 2498 1331 2532 H
1337 2498 1373 2532 P
1450 2498 1617 2543 gerunda
1635 2502 1662 2531 E

143 2549 195 2584 sic
222 2548 342 2584 ΗΡΘ
406 2549 586 2583 currenda
611 2549 651 2583 Η
720 2549 769 2585 14
795 2561 867 2594 quo
894 2550 943 2584 ad
966 2551 1022 2585 Ml
1088 2550 1137 2585 15
1162 2551 1344 2594 producto
1371 2552 1442 2586 BE
1515 2551 1614 2586 ultra
1640 2553 1663 2585 cl

141 2603 239 2636 ultro
264 2602 397 2646 reliqui
479 2601 528 2636 16
553 2613 728 2646 procuras
754 2603 797 2637 Η
806 2604 881 2638 ΡΒ
963 2603 1009 2638 17
1039 2606 1096 2637 est
1122 2603 1243 2638 simile
1267 2608 1295 2638 E
1375 2603 1610 2648 intelligatur
1635 2608 1662 2638 E

141 2657 190 2692 18
216 2656 337 2691 facere
367 2655 417 2689 Ρ2
429 2655 485 2690 od
510 2655 620 2690 facile
646 2656 773 2691 HPH
794 2657 905 2691 facile
926 2657 962 2691 B
986 2656 1109 2691 facere
1136 2668 1219 2690 eum
1242 2658 1283 2691 bl
1356 2657 1606 2701 reprehendat
1624 2659 1664 2693 bl

142 2710 190 2744 19
210 2709 325 2744 libere
347 2708 553 2744 sententiae
575 2709 786 2744 custodiant
799 2710 844 2744 H
913 2712 950 2744 et
970 2710 1008 2744 in
1027 2710 1040 2744 Z
1106 2709 1157 2744 20
1177 2720 1363 2744 cursorem
1381 2710 1417 2744 P
1481 2709 1663 2745 uelocitas

141 2763 161 2798 b
186 2774 213 2798 s.
233 2773 260 2797 s,
280 2762 311 2796 ti
384 2762 482 2796 ultra
501 2761 669 2796 HPHB
694 2774 808 2806 usque
835 2763 883 2798 ad
907 2763 965 2798 ΟΕ
1038 2763 1085 2797 21
1115 2764 1152 2797 et
1177 2764 1214 2797 in
1236 2764 1278 2798 bl
1349 2762 1605 2798 beniuolentia
1625 2765 1669 2798 H

141 2817 184 2850 ut
208 2816 306 2850 ultra
331 2826 441 2859 quam
462 2816 560 2859 quod
582 2815 721 2850 amicus
743 2817 879 2851 sentire
905 2816 1026 2861 possit
1044 2818 1238 2860 procurrat
1264 2816 1452 2852 amicitiae
1480 2816 1604 2852 studio
1624 2818 1665 2852 bl

142 2869 265 2903 studio
279 2869 403 2903 HPB
418 2868 542 2903 studiu
558 2870 598 2902 H
615 2869 777 2904 studium
798 2872 840 2905 ut
854 2870 1028 2905 efferatur
1045 2869 1144 2905 ultra
1157 2869 1269 2904 finem
1285 2868 1343 2905 Gd
1403 2870 1451 2904 *23
1466 2872 1520 2905 est
1541 2873 1665 2906 autem

143 2920 262 2956 simile
289 2921 358 2956 Hb
