2003 3116
706 111 1073 146 PROLEGOMENA.
1570 111 1650 152 131

136 220 334 260 contorto
373 218 515 273 aliquo
555 233 605 260 ex
648 219 864 262 Pacuiano
910 219 1099 262 exordio'
1143 235 1224 275 quo
1266 220 1312 261 in
1355 234 1481 262 uersu
1525 223 1654 275 poeta

135 288 222 329 iam
261 288 574 344 quodammodo
619 290 762 333 docuit
798 291 909 333 idem
948 291 999 333 de
1037 291 1210 333 exordio
1255 290 1366 346 quod
1409 291 1462 332 ad
1500 290 1600 333 Her.
1631 290 1653 331 Ι

136 359 180 413 9,
209 358 263 401 15
302 359 352 402 de
390 360 474 401 inu.
507 360 526 401 I
559 361 634 415 2Ο,
660 361 715 403 29
762 361 812 403 de
853 361 1100 404 narratione
1140 362 1400 417 praecipitur
1441 361 1509 403 ene
1553 361 1655 417 quid

136 429 359 472 contorte’.
407 430 666 486 Appellatur
692 434 834 473 autem
860 433 1094 474 insinuat-io
1125 433 1178 474 ad
1203 432 1303 474 Her.
1330 432 1351 473 I
1375 433 1416 488 4,
1442 433 1468 475 6
1500 433 1655 488 epodos,

135 515 223 542 non
247 501 428 556 ephodos,
453 515 548 542 cum
573 503 640 555 11,
665 502 717 543 19
745 502 952 557 aspiratio
977 506 1091 544 recte
1118 506 1290 545 seruata
1311 503 1367 544 sit
1386 503 1431 544 in
1450 504 1654 559 scapham,

133 571 177 613 Π
203 572 272 626 24,
298 573 367 614 38.
399 571 467 626 25,
493 572 548 613 39
580 572 625 613 in
656 572 957 628 Chrespontem,
992 574 1062 627 27,
1087 575 1144 617 43
1176 574 1220 615 in
1251 573 1402 617 Zethus
1432 589 1524 618 cum
1554 576 1655 617 Am-

129 643 295 697 phione,
333 642 459 683 sicuti
497 643 599 684 alibi
637 643 683 684 in
714 642 933 687 Corinthus
964 645 1160 698 Aethiops
1192 645 1460 688 Prometheus
1495 646 1655 709 cithara

138 712 293 756 Chares
323 713 579 755 architectari
609 714 845 769 choragium
865 739 920 745 —-
941 716 1154 758 uocabula
1178 720 1295 759 carta
1319 717 1447 759 coclea
1477 711 1657 772 clamyde

134 785 222 826 iam
253 784 324 826 diu
351 799 447 827 cum
473 784 587 827 facta
611 785 770 828 fuerint
795 786 952 828 Latina
981 787 1366 842 praetermittenda
1398 791 1512 830 certe
1545 792 1655 831 sunt.

136 855 276 905 Quare
308 856 414 897 illud
449 857 593 910 epodos
629 857 758 913 plane
791 858 1008 914 singulare
1041 861 1084 900 et
1115 858 1356 901 inauditum
1392 875 1416 901 a
1448 861 1655 915 scriptore

133 929 352 983 sumptum
391 942 483 970 esse
517 930 754 972 statuemus
794 929 847 971 ab
881 932 1053 972 auctore
1086 930 1271 985 quodam
1304 930 1543 974 rhetoricae
1576 930 1656 973 La-

132 999 248 1040 tinae
281 999 355 1054 qui
386 999 558 1054 scripsit
590 1002 689 1041 ante
723 1015 882 1043 annum
915 1000 1103 1056 650s104
1135 1001 1201 1043 usi
1226 1000 1483 1044 Mommseni
1514 1003 1656 1058 dispu-

132 1071 294 1113 tatione
327 1070 472 1112 Herm.
498 1070 604 1112 XIV
634 1087 675 1127 p.
702 1072 770 1114 68.

252 1141 416 1184 Deinde
449 1142 491 1183 in
526 1143 884 1186 constitutionum
914 1144 1109 1186 doctrina
1141 1145 1278 1187 multa
1310 1146 1414 1187 artis
1446 1146 1656 1187 uocabula

134 1213 247 1268 apud
279 1216 507 1269 utrumque
534 1214 810 1256 inueniuntur
836 1213 966 1257 simili
998 1215 1124 1258 modo
1152 1215 1303 1258 Latine
1329 1231 1465 1259 uersa.
1509 1216 1656 1258 Veluti

134 1300 211 1340 pro
250 1285 400 1335 στάσις
437 1287 615 1340 uterque
653 1287 898 1341 constitutio,
942 1302 1020 1341 pro
1066 1289 1310 1343 στοχασμός
1349 1290 1527 1344 uterque
1566 1302 1656 1330 corz-

133 1357 352 1411 ieetmalis,
378 1371 455 1412 pro
484 1357 785 1411 δικαιολογική
812 1360 989 1413 uterque
1014 1359 1277 1413 iuridicialis,
1305 1360 1422 1401 cuius
1450 1360 1657 1401 constitu-

133 1429 264 1470 tionis
297 1431 441 1484 partes
481 1428 712 1484 ἀντίληψις
744 1428 969 1479 ἀντίθεσις
1001 1430 1238 1485 συγγνώμη
1271 1430 1528 1485 μετάστασις
1558 1429 1651 1473 κατ’

133 1499 406 1555 ἀντέγκλημοι
433 1500 681 1550 ἀντίστασις
707 1503 796 1542 κτλ.
827 1501 939 1555 apud
965 1504 1191 1556 utrumque
1219 1517 1304 1544 non
1332 1503 1457 1544 modo
1484 1503 1657 1544 eaedem

132 1572 408 1614 inueniuntur
439 1572 513 1613 sed
546 1572 676 1613 etiam
708 1571 869 1613 eisdem
901 1572 1124 1614 uocabulis
1159 1573 1433 1627 appellantur
1470 1573 1658 1616 absoluta

133 1644 399 1698 adsumptiva
429 1644 624 1686 concessio
655 1644 823 1685 remotio
854 1644 1042 1686 criminis
1072 1644 1215 1686 relatio
1242 1641 1322 1701 (ita
1348 1643 1514 1686 Cicero:
1549 1645 1658 1686 alter

133 1713 370 1772 translatio)
402 1715 591 1757 criminis
630 1715 896 1768 comparatio:
936 1715 1049 1770 quod
1082 1730 1182 1758 casu
1215 1715 1375 1757 factum
1408 1730 1500 1758 esse
1532 1731 1657 1758 nemo

134 1787 423 1829 arbitrabitur.
488 1785 570 1828 Sed
613 1801 666 1827 ne
710 1785 792 1828 hoc
830 1786 999 1841 quidem
1044 1802 1146 1829 casu
1183 1787 1342 1829 factum
1384 1802 1475 1829 esse
1513 1789 1658 1842 potest

135 1859 248 1914 quod
285 1859 330 1900 in
368 1858 432 1900 his
472 1858 637 1899 duabus
676 1857 1058 1900 constitutionibus
1098 1857 1354 1900 adhibendis
1394 1873 1478 1900 non
1517 1859 1658 1900 solum

136 1931 245 1972 alter
281 1944 376 1971 cum
415 1930 551 1971 altero
585 1929 656 1971 sed
695 1931 872 1984 uterque
906 1944 1002 1971 cum
1035 1930 1229 1972 doctrina
1261 1929 1317 1971 M.
1344 1930 1526 1971 Antonii
1558 1944 1659 1972 con-

135 2002 326 2043 sentiunt
365 2000 438 2056 qui
481 2001 640 2042 librum
685 2000 807 2042 illum
846 2001 896 2042 de
937 2001 1106 2043 ratione
1148 2001 1316 2043 dicendi
1358 2004 1456 2042 ante
1498 2016 1658 2043 annum

135 2071 290 2127 663s91
334 2072 534 2113 ediderat.
597 2071 727 2114 Cuius
772 2071 1012 2113 doctrinam
1050 2075 1099 2113 ut
1140 2073 1418 2114 restituamus
1458 2072 1658 2114 nolumus

134 2144 199 2185 uti
232 2142 449 2185 Ciceronis
485 2143 608 2184 libris
649 2143 700 2184 de
740 2145 910 2185 oratore
951 2144 1022 2185 sed
1059 2144 1151 2185 iure
1189 2146 1360 2185 utemur
1391 2143 1658 2193 Quintiliano

136 2215 209 2271 qui
239 2214 304 2256 ΠΙ
330 2216 376 2270 6,
400 2215 458 2256 45
492 2214 598 2257 haec
630 2214 781 2256 tradit:
827 2214 955 2256 ‘Tres
989 2214 1362 2271 (constitutiones)
1394 2214 1497 2256 fecit
1529 2218 1572 2256 et
1602 2213 1659 2256 M.

140 2287 352 2329 Antonius
378 2286 446 2328 his
473 2286 642 2341 quidem
662 2286 824 2328 uerbis:
855 2285 1021 2328 Paucae
1047 2301 1115 2329 res
1143 2289 1256 2342 sunt,
1280 2286 1434 2342 quibus
1457 2301 1507 2327 ex
1531 2286 1658 2327 rebus

136 2371 284 2400 omnes
324 2358 540 2400 orationes
577 2360 828 2400 nascuntur:
865 2357 1028 2400 factum
1065 2373 1153 2401 non
1183 2358 1363 2412 factum,
1395 2358 1460 2398 ius
1492 2356 1660 2410 iniuria,

135 2430 295 2472 bonum
321 2429 511 2472 malum?
557 2429 705 2472 Tertia
731 2430 983 2472 constitutio
1011 2432 1077 2472 est
1102 2430 1394 2485 προτρεπτική
1426 2428 1502 2469 illa
1528 2427 1660 2469 Athe-

136 2501 235 2543 naei
275 2499 470 2562 (Quintil.
501 2501 527 2543 1.
561 2516 592 2543 s,
618 2499 695 2557 47)
735 2516 843 2557 quae
888 2502 1106 2543 suasoriae
1151 2504 1216 2543 est
1258 2500 1452 2556 propria:
1495 2499 1659 2554 priores

139 2572 245 2614 duae
275 2572 378 2614 illae
412 2574 512 2614 sunt
543 2573 841 2615 coniecturalis
875 2575 916 2614 et
946 2572 1211 2614 iuridicialis.
1266 2571 1407 2613 Multa
1438 2571 1660 2624 praeterea

137 2644 183 2686 in
213 2645 394 2698 utroque
435 2657 561 2698 opere
599 2643 737 2685 inesse
777 2658 828 2684 ex
861 2642 1042 2684 Antonii
1078 2643 1188 2684 libro
1228 2642 1454 2696 desumpta
1489 2655 1660 2682 consen-

136 2716 313 2757 taneum
357 2717 422 2756 est
466 2713 553 2756 nisi
597 2714 708 2756 forte
753 2714 846 2768 quis
892 2713 1046 2755 summi
1091 2712 1273 2755 oratoris
1314 2726 1440 2766 quem
1482 2713 1660 2766 uterque

139 2787 323 2841 scriptor
360 2785 488 2827 ualde
528 2785 766 2826 admiratur
800 2784 1157 2826 commentarium
1189 2783 1451 2825 rhetoricum
1484 2797 1659 2837 prorsus

139 2859 193 2900 ab
226 2858 313 2900 illis
345 2857 587 2914 neglectum
621 2871 713 2899 esse
746 2857 933 2898 statuere
966 2856 1177 2899 maluerit.

1333 2924 1377 2962 9²³
