2003 3116
713 116 1081 150 PROLEGOMENA.
1597 113 1620 153 ’7
1628 113 1650 153 7

131 227 380 281 peruenerit
423 227 467 268 in
511 240 663 268 manus
707 225 965 267 hominum'.
1015 222 1177 273 Quodsi
1220 223 1452 265 M.Tullius
1502 223 1653 264 scisset

131 298 224 340 fore
262 300 311 339 ut
348 297 604 354 partitiones
643 297 857 339 oratoriae
900 310 1005 352 quas
1050 295 1175 336 uiuus
1221 294 1394 336 silentio
1440 294 1655 350 oppressit

133 383 177 411 se
216 372 386 411 mortuo
431 369 475 410 in
512 368 670 423 uulgus
713 368 955 419 ederentur,
1000 381 1089 409 non
1126 366 1409 408 dubitandum
1448 368 1514 408 est
1552 365 1654 420 quin

132 440 280 482 eodem
319 440 446 482 modo
479 439 529 481 de
559 440 645 480 illis
679 441 991 494 conquesturus
1028 437 1159 479 fuerit
1189 441 1316 492 atque
1349 437 1653 479 M.Ant0nium

133 511 184 552 de
224 526 299 553 suo
337 511 447 552 libro
485 510 574 552 illic
612 510 715 551 fecit
752 512 1012 565 querentem.
1074 507 1137 549 De
1170 509 1368 550 omnibus
1407 508 1654 550 istiusmodi

132 581 254 623 libris
282 584 370 623 stat
391 579 647 630 Quintiliani
674 581 890 622 sententia
917 582 959 621 et
984 579 1282 633 interpretatio
1310 594 1439 634 quam
1459 579 1525 620 ΠΙ
1545 580 1583 633 6,
1597 579 1653 621 59

132 652 313 707 protulit
350 652 422 693 ille
462 652 512 693 de
550 651 674 693 libris
707 652 756 692 de
797 652 898 693 inu.:
944 650 1075 692 tSunt
1115 650 1270 704 enim’,
1313 650 1471 706 inquit,
1516 650 1656 692 tuelut

132 725 328 778 regestae
374 723 417 764 in
463 722 560 766 hos.
594 723 927 765 commentarios
974 736 1079 776 quos
1126 721 1373 763 adulescens
1424 722 1655 763 deduxerat

135 793 305 835 scholae
338 795 380 835 et
412 794 448 835 si
481 809 565 849 qua
597 796 663 835 est
693 794 738 835 in
770 794 822 835 iis
856 794 982 848 culpa
1013 792 1222 834 tradentis
1256 793 1349 834 est.²
1392 791 1494 841 Quis
1526 793 1657 834 fuerit

134 865 205 906 ille
238 864 356 906 cuius
387 869 616 919 praecepta
648 864 795 907 Cicero
833 865 878 906 in
915 864 1036 906 libris
1071 864 1120 904 de
1155 864 1242 905 inu.
1276 864 1492 918 exposuit,
1530 864 1654 919 plane

131 937 341 978 incertum
380 939 444 978 est
479 950 617 991 neque
656 936 830 978 omnino
872 938 1043 978 constat
1081 935 1131 976 de
1174 938 1378 990 tempore.
1442 934 1525 977 Sed
1569 949 1655 976 non

133 1010 197 1050 est
228 1022 303 1049 cur
333 1007 439 1049 illud
472 1008 583 1063 quod
616 1007 749 1049 tradit
781 1005 930 1049 Cicero
964 1021 1055 1048 sese
1093 1021 1271 1062 puerum
1304 1009 1378 1048 aut
1410 1006 1654 1048 adulescen-

130 1079 269 1120 tulum
313 1079 446 1120 libros
493 1079 542 1120 de
589 1079 674 1121 inu.
713 1079 1020 1133 conscripsisse
1061 1078 1113 1119 ad
1154 1080 1325 1132 tempus
1371 1077 1655 1120 definiendum

129 1151 370 1192 reiciamus.
421 1150 472 1191 In
499 1150 656 1205 quibus
689 1150 810 1192 nulla
834 1165 900 1192 res
929 1153 1290 1192 commemoratur
1317 1153 1412 1191 acta
1439 1152 1514 1191 aut
1539 1150 1653 1191 bello

129 1221 312 1263 Marsico
347 1223 421 1263 aut
453 1225 554 1276 post
586 1222 746 1263 bellum
778 1221 1033 1264 Marsicum:
1066 1236 1172 1276 quae
1199 1221 1241 1262 Π
1268 1222 1336 1275 37,
1362 1223 1441 1263 111
1471 1236 1656 1263 comme—

129 1295 352 1335 morantur
383 1294 600 1347 pertinent
632 1294 685 1335 ad
719 1308 879 1335 annum
909 1293 1081 1347 659s95,
1113 1307 1242 1335 causa
1273 1292 1458 1334 Curiana
1490 1308 1573 1348 qua
1605 1293 1654 1334 de

131 1364 274 1419 agitur
304 1363 348 1405 Π
373 1365 550 1418 42,122
584 1368 680 1406 acta
712 1367 777 1406 est
810 1368 908 1406 ante
942 1380 1101 1406 annum
1135 1364 1308 1419 663s91‚
1339 1368 1430 1405 tum
1463 1364 1484 1405 I
1509 1364 1580 1419 49,
1600 1364 1656 1405 92

131 1435 205 1476 ubi
245 1436 401 1491 legitur
443 1436 511 1477 eut
543 1437 579 1478 si
612 1437 705 1492 quis
743 1437 853 1492 apud
894 1437 1057 1491 equites
1089 1435 1308 1477 Romanos
1341 1435 1517 1490 cupidos
1549 1436 1657 1476 iudi-

133 1507 257 1548 candi
277 1505 506 1562 Caepionis
533 1508 672 1563 legem
700 1508 967 1550 iudiciariam
994 1506 1154 1549 laudet'
1183 1507 1423 1549 notandum
1450 1510 1517 1548 est
1543 1507 1655 1562 quod

131 1576 357 1634 Caepionis
402 1580 542 1635 legem
587 1594 699 1621 anno
746 1579 934 1633 648s106
979 1580 1113 1620 latam
1159 1579 1356 1620 nominat
1405 1593 1491 1620 non
1536 1579 1656 1619 illam

130 1649 241 1691 Liuii
272 1649 403 1692 Drusi
436 1665 547 1692 anno
581 1650 736 1704 663s91
771 1651 926 1702 latam,
964 1666 1071 1706 quae
1105 1650 1326 1692 simillima
1358 1650 1486 1691 fuerit
1518 1648 1656 1691 Serui-

129 1721 210 1762 liae
250 1736 333 1777 qua
371 1722 422 1764 de
459 1736 504 1763 re
543 1722 648 1764 conf.
689 1722 1051 1764 ThMommsenus
1096 1722 1348 1764 Romisches
1389 1720 1656 1763 Staatsrecht

128 1791 193 1834 III
226 1792 381 1850 (1887)
417 1795 438 1836 1
473 1809 512 1848 p.
533 1794 631 1836 532.
694 1793 831 1843 Quam
864 1794 1034 1835 diuersa
1073 1797 1138 1836 est
1176 1794 1220 1834 in
1252 1794 1331 1835 hac
1363 1807 1408 1834 re
1440 1792 1655 1834 rhetorica

129 1864 182 1905 ad
208 1863 327 1906 Her.!
373 1864 510 1914 Quam
543 1866 615 1920 qui
649 1865 756 1920 legit
788 1866 871 1907 sibi
903 1865 1073 1907 uidetur
1105 1865 1250 1907 audire
1282 1865 1516 1906 tumultum
1542 1863 1654 1906 Mar-

133 1936 266 1977 sicum
300 1939 343 1977 et
376 1936 637 1992 Marianum,
675 1937 889 1980 sociorum
922 1938 1115 1992 querelas
1151 1940 1192 1979 et
1231 1936 1448 1991 fremitus,
1486 1936 1654 1978 nobiles

130 2005 291 2049 Romae
324 2022 415 2049 sese
448 2008 635 2050 inuicem
668 2011 896 2064 arguentes
930 2009 1257 2063 calumniantes,
1290 2008 1448 2050 sentire
1481 2007 1655 2050 iudicio-

131 2093 225 2119 rum
271 2078 499 2134 strepitum
544 2080 639 2134 lege
670 2079 805 2121 Varia
843 2080 950 2134 lata,
994 2083 1087 2122 tum
1126 2078 1304 2133 Sulpicii
1346 2079 1494 2120 turbas
1538 2080 1654 2134 leges

132 2150 292 2191 exitum
327 2150 496 2192 tristem
538 2165 587 2192 30
625 2151 854 2193 funestum.
915 2151 1065 2206 Itaque
1106 2165 1242 2206 neque
1281 2149 1478 2192 Ciceroni
1520 2165 1657 2206 neque

132 2221 196 2262 illi
229 2224 482 2277 argumento
516 2237 566 2263 ex
605 2221 727 2264 libris
761 2223 812 2264 de
845 2224 929 2265 inu.
963 2225 1134 2278 sumpto
1175 2222 1304 2264 fidem
1334 2236 1414 2263 nos
1446 2174 1691 2327 negamus)

133 2295 370 2335 statuentes
408 2292 659 2336 Ciceronem
696 2297 924 2349 praecepta
962 2294 1038 2336 illa
1077 2309 1185 2349 quae
1224 2295 1267 2335 in
1305 2294 1427 2335 libris
1473 2294 1522 2335 de
1568 2294 1657 2335 inu.

133 2367 358 2406 seruantur
402 2365 570 2407 audisse
611 2366 726 2407 intra
771 2380 905 2407 annos
944 2365 1005 2408 IV
1051 2366 1148 2407 illos
1193 2365 1290 2407 inde
1336 2381 1360 2407 a
1399 2365 1559 2420 660s94
1605 2329 1682 2422 adi

134 2434 288 2490 663s91
318 2451 400 2491 quo
427 2439 619 2492 tempore
638 2451 817 2491 puerum
842 2437 1078 2479 rhetoricae
1100 2437 1246 2479 sedulo
1274 2451 1447 2492 operam
1474 2452 1655 2479 nauasse

133 2510 281 2548 natum
307 2522 442 2550 annos
468 2508 556 2549 fere
582 2508 665 2550 XV
698 2512 869 2551 constat
895 2508 1087 2551 Suetonii
1118 2509 1367 2551 testimonio
1401 2509 1450 2550 de
1482 2508 1590 2550 rhet.
1617 2510 1656 2550 2.
1678 2426 1697 2622 )

135 2579 276 2634 Atque
313 2593 367 2620 ne
400 2579 494 2633 quis
527 2595 610 2635 qua
648 2579 699 2621 de
737 2594 782 2621 10
819 2581 906 2622 13111
947 2595 1077 2635 supra
1108 2580 1196 2621 dixi
1228 2596 1268 2635 p.
1303 2581 1357 2622 76
1391 2580 1532 2621 studia
1562 2580 1654 2621 rhe-

132 2651 270 2691 torica
311 2650 544 2692 arbitretur
585 2651 809 2693 hominum
852 2654 992 2693 aetate
1033 2652 1352 2706 prouectiorum
1395 2665 1486 2693 esse
1528 2666 1655 2706 quam

132 2720 206 2762 illo
244 2723 436 2776 tempore
475 2725 568 2764 erat
605 2721 772 2777 Cicero,
816 2723 897 2764 1100
942 2723 1036 2764 1000
1080 2723 1188 2764 addo
1227 2723 1332 2764 illud
1371 2722 1484 2777 quod
1523 2722 1656 2765 Tacit.

134 2791 290 2848 dialog.
323 2793 380 2834 34
418 2796 564 2835 monet
601 2794 792 2848 paullum
832 2797 1087 2850 correctum,
1130 2793 1176 2836 L.
1191 2793 1394 2836 Crassum
1433 2809 1656 2836 accusasse

136 2877 248 2905 anno
269 2864 423 2906 aetatis
444 2863 545 2906 XXI
565 2863 867 2922 C.Carbonem,
894 2864 1171 2909 C.Caesarem
1199 2865 1346 2907 XXIII
1372 2866 1657 2920 Dolabellam,
