2003 3116
298 120 381 160 194
826 121 889 152 AD
919 121 956 152 o.
983 121 1269 153 HERENMUM

293 228 416 269 cilem
450 227 656 268 faciamus
690 226 947 268 auditorem:
981 229 1026 268 at
1058 227 1293 268 insinuatio
1320 228 1524 269 eiusmodi
1553 229 1678 270 debet
1711 244 1814 284 esse,

292 301 339 338 ut
365 298 529 339 occulte
554 311 631 350 per
656 296 1043 340 dissimulationem
1071 298 1219 339 eadem
1246 299 1323 339 illa
1350 299 1495 340 omnia
1522 300 1813 356 conficiamus,

291 371 338 409 ut
371 368 424 409 ad
458 367 633 409 eandem
667 368 1015 410 commoditatem
1048 368 1092 409 in
1126 369 1291 410 dicendi
1332 385 1458 424 opere
1498 370 1642 411 uenire
1677 371 1812 425 possi-

290 453 397 481 mus.
447 437 607 480 Verum
639 438 719 480 hae
752 442 838 480 tres
865 439 1076 481 utilitates
1103 441 1273 481 tametsi
1300 441 1343 481 in
1370 442 1463 483 tota
1490 441 1684 482 oratione
1711 445 1812 483 sunt

289 509 606 564 conparandae,
637 510 719 552 hoc
753 513 836 566 est,
867 513 916 552 ut
948 510 1165 553 auditores
1198 526 1290 553 sese
1327 515 1536 567 perpetuo
1575 512 1700 554 nobis
1740 512 1811 553 ad·
1852 527 1867 551 5

288 567 444 634 tentos,
477 580 656 637 dociles,
686 582 912 624 beniuolos
946 582 1202 636 praebeant,
1234 585 1377 624 tamen
1409 583 1451 624 id
1483 597 1560 638 per
1593 583 1813 624 exordium

288 666 439 693 causae
471 652 655 704 maxime
688 653 1007 708 conparandum
1041 656 1116 695 cst.
1177 652 1324 708 Nunc,
1363 669 1416 696 ne
1450 654 1619 709 quando
1655 654 1812 696 uitioso

286 722 459 764 exordio
492 726 676 779 utamur,
708 739 816 779 quae
850 725 981 766 uitia
1014 724 1192 766 uitanda
1225 725 1325 780 sint,
1357 725 1528 768 docebo.

401 793 677 836 Exordienda
708 810 837 837 causa
875 796 1131 837 seruandum
1163 798 1242 851 est,
1274 798 1323 837 ut
1362 796 1471 838 lenis
1506 797 1563 838 sit
1595 811 1735 839 sermo
1770 799 1813 838 et

284 864 443 906 usitata
474 866 702 908 uerborum
733 867 1015 922 consuetudo,
1049 869 1096 908 ut
1135 881 1222 909 non
1257 867 1467 922 adparata
1495 867 1632 909 oratio
1668 867 1813 909 uidea-
1835 883 1868 907 10

282 938 353 976 tur
387 950 494 978 6336.
1832 926 1834 928 ¹

400 1007 616 1051 Vitiosum
655 1010 876 1052 exordium
916 1012 999 1064 est,
1041 1011 1154 1065 quod
1200 1010 1244 1051 in
1286 1011 1430 1065 plures
1477 1024 1627 1052 causas
1668 1011 1812 1064 potest

283 1077 613 1136 adcommodati,
644 1081 758 1136 quod
789 1082 967 1136 uulgare
999 1081 1167 1123 dicitur.

400 1150 511 1193 Item
543 1152 750 1194 uitiosum
783 1155 867 1207 est,
900 1167 983 1208 quo
1016 1153 1152 1194 nihilo
1186 1150 1632 1194 minus‘aduersarius
1671 1154 1815 1207 potest

283 1222 365 1276 uti,
398 1223 508 1277 quod
544 1237 766 1265 commune
806 1224 1067 1279 appellatur,
1109 1223 1213 1265 item
1252 1224 1373 1275 illud,
1413 1238 1497 1278 quo
1536 1223 1812 1265 aduersarius
1836 1239 1866 1263 15

283 1308 334 1335 ex
368 1294 585 1336 contrario
619 1295 778 1349 poterit
810 1295 886 1337 uti.

396 1363 507 1406 Item
539 1366 744 1408 uitiosum
771 1368 849 1421 est,
880 1366 990 1421 quod
1017 1365 1199 1407 nimium
1226 1365 1446 1421 apparatis
1472 1365 1676 1420 <uerbis>
1704 1380 1799 1407 con-

279 1435 467 1488 positum
499 1439 565 1478 est
597 1439 671 1479 aut
710 1437 889 1479 nimium
928 1438 1105 1493 longum
1144 1439 1223 1491 est,
1258 1440 1300 1478 et
1337 1436 1449 1492 quod
1489 1451 1574 1478 non
1613 1451 1664 1477 ex
1704 1436 1808 1491 ipsa

279 1521 407 1548 causa
439 1510 589 1549 natum
622 1508 829 1560 uideatur,
861 1511 908 1550 ut
940 1508 1112 1564 proprie
1145 1508 1373 1550 cohaereat
1415 1522 1510 1549 cum
1545 1507 1810 1561 narratione,

280 1579 323 1618 et
360 1579 472 1632 quod
514 1594 653 1635 neque
697 1580 947 1622 beniuolum
988 1594 1125 1634 neque
1171 1579 1351 1621 docilem
1397 1592 1533 1633 neque
1584 1578 1806 1619 adtentum
1832 1594 1866 1617 20

240 1646 386 1690 Sfacit
419 1649 669 1693 auditorem.
731 1651 806 1707 De·
828 1651 999 1693 exordio
1040 1651 1145 1692 satis
1187 1651 1270 1691 erit
1302 1650 1479 1691 dictum:
1523 1649 1723 1703 deinceps
1758 1649 1810 1690 ad

284 1721 577 1763 narrationem
612 1725 897 1764 transeamus.

224 1798 267 1829 12
400 1790 770 1835 Narrationum
801 1793 887 1834 tria
920 1806 1078 1848 genera
1110 1794 1219 1834 sunt.

397 1863 540 1906 Unum
568 1867 646 1920 est,
678 1879 774 1907 cum
800 1864 1051 1920 exponimus
1078 1878 1165 1904 rem
1194 1865 1360 1918 gestam
1387 1865 1430 1904 et
1454 1878 1586 1904 unum
1616 1862 1807 1918 quidque

278 2017 557 2062 perscribsimus
583 2018 627 2052 H
691 2017 956 2062 perscribimus
982 2018 1022 2050 Π
1096 2016 1114 2050 1
1144 2014 1353 2050 huiusmodi
1380 2015 1422 2048 H
1509 2014 1532 2049 2
1559 2014 1683 2048 omnia
1701 2014 1767 2048 illa
1787 2015 1806 2049 l>

279 2071 301 2104 3
317 2071 578 2106 commoditem
595 2071 625 2105 O
680 2070 704 2105 4
719 2070 876 2116 Verum]
889 2070 948 2104 hic
966 2070 1098 2113 incipit
1118 2069 1154 2103 B
1180 2069 1313 2104 codicis
1328 2079 1419 2113 pars
1437 2072 1581 2103 uetusta
1637 2069 1707 2103 hae
1731 2070 1806 2102 tres

281 2124 516 2159 EHGP2B2
535 2125 628 2159 haec
648 2135 706 2158 res
718 2123 839 2157 HPB
888 2122 1035 2157 racione
1063 2123 1082 2157 b
1121 2122 1143 2156 5
1166 2122 1423 2166 conparandae
1438 2121 1561 2155 ΗΡΘ
1589 2132 1804 2161 comparau-

282 2177 351 2211 dae
377 2178 510 2221 reliqui
583 2177 753 2211 adtentos
768 2176 809 2210 H
818 2175 893 2210 PB
919 2176 1083 2210 attentos
1104 2176 1236 2220 reliqui
1298 2179 1317 2209 6
1338 2174 1394 2220 id]
1415 2174 1514 2209 idem
1534 2175 1558 2208 d
1631 2185 1802 2218 perexor-

283 2230 385 2264 dium
414 2231 450 2264 1²
523 2231 540 2265 '2
570 2232 752 2265 maximae
779 2230 854 2264 PB
880 2229 1157 2273 conparandum
1179 2228 1303 2263 ΗΡΘ
1327 2227 1632 2262 considerandum
1659 2228 1679 2262 b
1706 2239 1802 2262 com-

282 2284 488 2327 parandum
516 2285 648 2329 reliqui
695 2284 894 2328 nequando
922 2284 966 2317 H
1034 2283 1056 2317 S
1077 2281 1166 2328 sint]
1189 2283 1274 2315 sunt
1293 2281 1335 2315 H
1382 2280 1540 2323 doceb03
1567 2281 1804 2316 Exordienda

284 2336 526 2381 (Exordiendi
553 2337 602 2382 B)
628 2340 663 2369 M
689 2336 727 2370 in
752 2337 897 2371 addidit
926 2336 1038 2370 1>2B2
1065 2335 1216 2370 docebo.
1255 2334 1296 2368 In
1323 2333 1548 2368 exordienda
1574 2334 1616 2368 ld
1642 2334 1803 2369 docebis.

283 2392 323 2435 (s.
345 2401 372 2425 s.
394 2401 414 2424 ο
434 2393 512 2435 ml)
550 2389 592 2423 In
631 2388 855 2424 exordienda
880 2390 900 2425 b
996 2389 1020 2422 9
1047 2388 1139 2424 leuis
1167 2389 1186 2423 b
1274 2389 1311 2421 et
1343 2391 1369 2420 E
1414 2390 1456 2421 ut
1480 2390 1515 2419 M
1613 2386 1661 2421 10
1693 2398 1805 2432 appa-

283 2446 366 2478 rata
392 2445 463 2478 HE
525 2444 698 2478 uideatur
725 2442 842 2478 oratio
870 2444 911 2478 bl
1008 2442 1055 2476 11
1084 2441 1176 2487 esse]
1205 2452 1284 2475 csse
1312 2441 1356 2474 de
1382 2440 1484 2474 uitiis
1512 2439 1745 2474 exordiorum
1770 2444 1805 2473 M

283 2497 331 2532 13
359 2497 609 2532 acommodari
635 2497 671 2531 P
705 2495 977 2531 accommodari
1006 2494 1179 2529 P²HBE
1276 2492 1325 2528 14
1351 2493 1440 2539 quo]
1468 2493 1567 2537 quod
1593 2494 1629 2527 B
1669 2493 1756 2537 quid
1781 2494 1805 2527 sl

283 2551 329 2586 15
357 2551 543 2595 apellatur
568 2550 637 2584 Hb
719 2561 789 2594 quo
823 2548 992 2584 blHBO
1033 2548 1096 2593 qui
1129 2549 1152 2582 d
1196 2546 1294 2591 quod
1326 2546 1411 2580 ΗΡ
1530 2546 1575 2580 17
1610 2545 1803 2590 apparatis

281 2603 403 2637 uerbis
435 2607 462 2636 E
514 2603 703 2648 apparatis
740 2602 860 2636 PHB
905 2601 1068 2647 aparatis
1105 2601 1149 2635 H
1189 2601 1367 2644 apparate
1409 2599 1498 2633 1³²0
1568 2599 1799 2643 conpositum

281 2658 338 2691 est
363 2657 449 2690 ΗΓ
487 2657 733 2701 compositum
761 2658 816 2690 est
841 2656 955 2690 BHd
993 2653 1242 2699 compositum
1271 2654 1311 2688 bl
1384 2652 1432 2687 19
1465 2652 1612 2686 uidetur
1638 2652 1657 2685 b
1690 2652 1801 2695 zlulyo

279 2710 452 2754 propriae
480 2710 523 2743 H
616 2709 665 2744 20
691 2708 899 2743 beniuolem
927 2708 983 2742 Η1
1070 2708 1262 2742 adtentum
1297 2706 1415 2740 HPB
1455 2706 1639 2739 attentum
1670 2704 1802 2748 reliqui

280 2763 327 2796 21
350 2762 437 2808 erit]
465 2763 522 2796 est
547 2764 570 2797 cl
645 2762 693 2796 22
719 2764 960 2797 transeamus.
1024 2760 1085 2795 DE
1119 2757 1440 2794 NARRATIONE
1471 2761 1506 2791 M
1578 2757 1625 2791 23
1663 2768 1799 2800 genera

279 2818 366 2849 sunt
391 2819 426 2848 M
464 2818 551 2850 sunt
575 2827 712 2860 genera
736 2819 764 2848 E
862 2815 911 2849 24
937 2816 993 2849 est
1019 2825 1101 2848 cum
1129 2812 1344 2858 exponimus
1364 2815 1399 2844 M
1428 2813 1522 2853 (cum
1548 2821 1603 2844 om
1628 2809 1700 2854 H1)
1725 2820 1798 2853 quo

277 2867 349 2908 (est
375 2880 447 2912 quo
474 2870 510 2913 (l)
537 2879 763 2913 exponemus
787 2872 815 2901 E
866 2867 1028 2912 quidque
1055 2866 1214 2901 HPBd
1240 2865 1411 2909 quodque
1436 2863 1569 2908 reliqui
