2003 3116
321 114 403 155 150
894 109 1261 149 PROLEGOMENA‚

316 220 547 277 popula1·iS‚
573 221 672 273 post
698 220 880 259 mortem
900 216 1078 271 Sulpicii
1104 216 1320 258 orationes
1348 216 1556 271 quasdam
1579 218 1834 274 conscripsit

318 305 472 346 easque
511 290 588 331 sub
627 289 797 331 nomine
837 286 1015 343 Sulpicii
1053 286 1202 330 edidit:
1248 285 1356 330 conf.
1385 284 1470 329 Cic.
1496 287 1617 330 Brut.
1643 288 1711 343 56,
1737 290 1834 332 205.

318 361 386 404 Ad
423 360 535 402 idem
574 374 674 402 uero
713 373 846 415 genus
887 358 1129 401 litterarum
1170 359 1432 414 plebeiarum
1471 359 1658 414 pertinet
1695 359 1836 404 Porcii

318 432 454 475 Licini
484 431 599 473 illius
638 430 747 473 liber
780 431 829 473 de
861 430 1001 485 poetis
1034 433 1170 472 metro
1204 431 1388 472 maxime
1420 429 1588 485 plebeio
1622 445 1705 486 quo
1737 431 1834 473 inde

319 520 342 546 a
369 502 587 546 Ciceronis
613 501 774 545 Glauco
803 516 936 557 usque
969 502 1022 543 ad
1047 505 1197 557 poetas
1225 502 1463 544 neotericos
1492 501 1586 543 aeui
1606 501 1838 545 Hadrianei

319 574 593 617 abstinebant
629 576 782 629 poetae
821 573 935 616 docti
973 574 1252 628 conscriptus.
1318 572 1400 623 Qui
1438 588 1566 628 quam
1609 572 1737 615 fuerit
1776 573 1839 616 in-

318 646 454 688 festus
492 645 713 688 nobilitati
752 659 802 687 ex
839 644 1034 687 uersibus
1070 644 1155 686 illis
1194 659 1300 700 quos
1339 646 1558 699 tamquam
1598 643 1840 700 σαρδάνιον

318 717 461 759 ridens
503 717 552 758 de
596 716 798 759 Terentio
834 716 1046 759 nobilium
1086 716 1221 758 amico
1266 716 1507 770 composuit
1548 715 1659 758 FPR
1689 732 1729 771 p.
1754 717 1838 760 278

320 789 444 831 facile
476 788 753 844 intellegitur.

437 859 586 914 Neque
631 859 801 902 difficile
845 873 946 901 sane
985 859 1065 901 erit
1103 859 1156 901 ad
1195 858 1532 914 intellegendum
1572 858 1841 902 doctissimos

320 932 417 973 illos
455 931 651 973 homines
691 931 764 986 qui
795 930 926 973 Plotii
965 930 1113 972 ludum
1151 930 1304 972 tollere
1338 930 1555 973 studerent
1593 932 1666 972 aut
1698 931 1839 972 adule-

319 1004 485 1044 scentes
525 1018 550 1044 a
586 1001 771 1045 Mariani
816 1001 1120 1044 consuetudine
1166 1005 1361 1044 arcerent
1404 1002 1584 1044 infestos
1628 1002 1759 1044 fuisse
1798 1005 1840 1045 et

318 1073 513 1116 inimicos
547 1072 590 1116 C.
617 1073 754 1116 Mario
788 1074 870 1128 ipsi
900 1072 1157 1116 Latinorum
1188 1073 1359 1116 illorum
1392 1073 1631 1116 studiorum
1663 1074 1839 1116 fautori:

319 1145 392 1185 illo
432 1143 544 1186 enim
583 1146 776 1199 tempore
817 1159 913 1186 cum
952 1145 1136 1186 maxime
1177 1146 1394 1187 exarserat
1431 1146 1606 1200 φθόνος
1643 1146 1715 1187 1116
1751 1151 1835 1187 τῶν

320 1216 523 1257 δυνατῶν
550 1218 698 1258 contra
723 1215 1036 1258 Germanorum
1063 1216 1272 1258 uictorem
1294 1217 1343 1258 de
1365 1231 1449 1271 quo
1476 1217 1605 1258 refert
1624 1216 1841 1260 Plutarch.

319 1286 423 1329 Mar.
449 1288 517 1329 32.
567 1286 614 1329 L.
641 1286 823 1329 Crassus
851 1286 1071 1329 Numidici
1105 1290 1196 1329 erat
1227 1287 1449 1329 familiaris
1484 1285 1589 1345 (Cic.
1616 1287 1664 1329 de
1692 1302 1750 1330 or.
1775 1287 1841 1329 III

322 1358 388 1413 18,
415 1356 504 1414 68),
536 1357 580 1400 C.
600 1358 737 1400 Mario
766 1358 929 1401 alienus
957 1356 1027 1416 (de
1052 1373 1173 1414 prou.
1202 1373 1315 1402 cons.
1341 1360 1380 1414 8,
1402 1357 1494 1416 19):
1527 1357 1604 1402 Cn.
1624 1359 1840 1401 Domitius

321 1429 392 1483 qui
424 1429 587 1485 collega
620 1428 765 1473 Crassi
798 1432 889 1471 erat
921 1429 968 1471 in
1001 1444 1190 1485 censura,
1226 1430 1271 1472 in
1301 1430 1368 1472 his
1402 1430 1573 1485 quidem
1605 1430 1842 1472 inimicitiis

320 1499 447 1554 plane
486 1514 582 1542 cum
614 1500 770 1544 Crasso
812 1501 1107 1544 consentiebat
1139 1500 1263 1558 (Gell.
1288 1501 1371 1544 XV
1406 1502 1477 1558 13,
1504 1502 1529 1544 6
1560 1501 1688 1545 XVII
1713 1503 1758 1557 2,
1785 1500 1842 1559 7),

322 1571 439 1612 cuius
478 1571 612 1614 frater
643 1574 798 1628 postea
830 1572 951 1614 iussu
980 1572 1111 1616 Marii
1142 1573 1221 1616 filii
1253 1589 1277 1616 a
1309 1573 1573 1629 Damasippo
1605 1573 1842 1616 trucidatus

322 1644 387 1684 est
425 1640 627 1699 (Appian.
653 1645 693 1687 b.
721 1659 753 1687 6.
784 1642 805 1686 Ι
837 1644 892 1687 88
924 1643 1034 1686 Vell.
1059 1643 1102 1686 II
1129 1643 1217 1702 26).
1280 1644 1325 1687 L.
1358 1644 1504 1686 Aelius
1543 1642 1669 1699 Stilo,
1708 1643 1843 1686 Caelii

322 1712 542 1769 Antipatri
575 1716 748 1768 amicus,
780 1718 927 1758 tantus
961 1717 1053 1758 erat
1081 1716 1355 1772 optimatium
1383 1716 1524 1758 fautor
1549 1718 1598 1758 ut
1621 1715 1842 1758 Metellum

322 1783 596 1829 Numidicum
621 1788 665 1829 in
692 1787 865 1830 exilium
893 1787 1120 1830 comitatus
1149 1788 1219 1830 sit:
1254 1788 1300 1829 P.
1327 1787 1514 1830 Rutilius
1541 1787 1690 1843 Rufus,
1717 1803 1838 1843 quen]

323 1855 573 1899 damnatum
613 1861 782 1901 secutus
823 1860 888 1900 est
918 1856 1120 1900 Aurelius
1161 1857 1362 1914 opillius,
1401 1860 1491 1900 erat
1527 1859 1579 1900 τὰ
1616 1855 1696 1914 μὲν
1733 1860 1841 1902 ἄλλα

323 1930 575 1983 φιλαλήθης
618 1930 728 1987 ἀνὴρ
772 1928 844 1972 καὶ
888 1930 1092 1985 χρηστός,
1135 1930 1226 1985 ἰδίᾳ
1274 1927 1321 1971 δὲ
1358 1934 1418 1986 τῷ
1455 1930 1617 1988 Μαρίῳ
1661 1941 1843 1986 προσκε-

322 2000 522 2056 κρουκώς
552 2016 629 2043 1166
655 2001 719 2043 1111
744 2001 788 2043 111
815 2000 1010 2043 historiis
1041 2000 1128 2042 suis
1162 2001 1352 2056 pepercit
1381 2003 1491 2044 teste
1518 2000 1628 2043 Plut.
1648 2001 1755 2045 Mar.
1773 2004 1843 2046 28.

38 2071 324 2134 ΒξοῇξζῑὲᾗθξῇζξΡ·
447 2071 640 2127 Scriptor
673 2073 725 2115 ad
757 2072 903 2115 Her.I
935 2073 998 2127 11,
1027 2073 1078 2115 18
1110 2072 1216 2114 haec
1246 2072 1407 2127 posuit:
1452 2071 1705 2116 ‘Causarum
1745 2089 1843 2117 con-

324 2143 570 2187 stitutiones
592 2178 601 2188 .
622 2177 630 2187 .
652 2178 660 2188 .
679 2146 826 2188 noster
852 2144 1001 2186 doctor
1019 2146 1106 2186 tres
1127 2144 1298 2199 putauit
1327 2143 1446 2186 esse.5
1488 2143 1592 2187 Inde
1613 2160 1638 2187 a
1658 2160 1764 2190 saec.
1783 2146 1844 2189 IX

326 2216 406 2258 uiri
444 2215 559 2258 docti
595 2217 679 2260 hoc
717 2217 809 2259 loco
849 2215 1010 2258 frustra
1044 2215 1348 2271 quaesiuerunt
1386 2230 1436 2257 ex
1471 2216 1678 2271 scriptore
1716 2217 1844 2260 sicuti

327 2286 534 2328 Horatius
568 2302 618 2329 ex
650 2286 774 2330 Catio
807 2289 883 2329 sat.
910 2286 952 2329 II
979 2287 1023 2340 4,
1054 2287 1126 2329 10:
1165 2286 1257 2330 ‘ede
1290 2286 1476 2330 hominis
1508 2302 1680 2344 nomen,
1717 2289 1843 2332 simul

328 2360 382 2414 et,
415 2357 632 2401 Romanus
661 2373 715 2401 an
739 2357 923 2413 hospes?
969 2357 1050 2400 Sed
1075 2358 1164 2399 ille:
1199 2357 1318 2413 ‘ipsa‚
1349 2358 1501 2413 inquit,
1533 2373 1698 2403 memor
1724 2375 1842 2416 prae·

326 2432 449 2484 cepta
482 2444 651 2485 canam,
691 2429 896 2472 celabitur
928 2427 1103 2471 auctor?
1165 2428 1217 2470 In
1250 2428 1482 2485 archetypo
1515 2431 1605 2474 cod.
1631 2430 1663 2473 C
1696 2431 1844 2474 doctus

327 2501 480 2556 aliquis
513 2500 769 2557 Hieronymi
807 2500 1018 2543 chronicis
1050 2515 1151 2542 usus
1191 2500 1418 2555 adscripsit
1448 2517 1605 2544 nomen
1640 2502 1845 2546 Voltacilz'c‘

327 2572 474 2615 Pilati:
516 2572 623 2615 conf.
657 2587 787 2627 supra
818 2587 857 2627 p.
888 2573 938 2615 17
973 2570 1080 2614 Mus.
1109 2563 1241 2613 Rhen.
1268 2571 1408 2614 XLIII
1434 2588 1474 2628 p.
1495 2574 1592 2628 381,
1623 2573 1668 2615 in
1701 2574 1844 2615 arche-

327 2646 432 2698 typo
466 2643 584 2686 codd.
610 2650 645 2685 E
678 2643 787 2685 alius
820 2645 1079 2699 apposuerat
1109 2629 1235 2686 *ermes
1266 2658 1419 2686 nomen
1452 2644 1622 2687 facundi
1654 2643 1843 2687 Atlantis

328 2715 507 2771 nepotis,
541 2715 638 2770 ‘quo
667 2715 814 2757 didicit
840 2716 949 2757 culte
982 2716 1131 2772 lingua
1158 2715 1332 2758 docente
1359 2715 1491 2771 loqui'
1525 2717 1695 2758 auctore
1722 2714 1842 2757 Ouid.

329 2787 426 2827 fast.
453 2786 493 2828 V
519 2787 617 2842 668,
650 2787 693 2828 111
718 2787 1012 2829 recentissimo
1039 2787 1223 2843 quodam
1251 2786 1340 2829 cod.
1366 2789 1476 2829 teste
1501 2786 1692 2841 Kaysero
1720 2786 1844 2829 docta

333 2871 461 2898 manu
488 2872 593 2899 saec·
621 2856 702 2899 XV
737 2857 791 2899 M.
816 2857 982 2899 Pisonis
1010 2872 1165 2900 nomen
1192 2858 1384 2900 additum
1410 2859 1486 2899 est.
1530 2855 1645 2906 Quae
1671 2858 1845 2900 nomina
