2003 3116
373 216 429 258 84
934 213 1299 247 PROLEGOMENA.

372 326 593 379 μάζουσιυ.
655 321 793 370 Quare
832 335 910 361 nos
950 334 1000 361 ex
1038 319 1144 360 locis
1177 320 1229 360 ab
1264 318 1499 360 HUsenero
1531 318 1702 374 Epicur.
1733 335 1772 374 p.
1802 321 1883 362 178

373 398 422 436 de
454 396 533 435 hac
565 408 609 434 re
637 392 814 434 conlatis
835 390 1092 444 Hieronymi
1118 390 1261 430 uerbis
1289 391 1438 431 contra
1463 389 1600 431 Rufin.
1619 389 1640 430 Ι
1660 391 1716 431 30
1742 392 1825 432 uol.
1844 390 1886 431 II

372 482 409 519 p.
435 465 561 507 48710
596 466 764 504 utemur
797 462 950 516 quibus
983 461 1044 502 ita
1077 461 1330 514 scriptorem
1361 460 1654 515 adloquemur:
1687 461 1761 502 ‘Et
1787 476 1886 515 quo-

372 537 483 577 niam
511 535 643 577 Stoici
668 534 851 588 logicam
872 532 967 587 ‚sibi
998 531 1218 573 uindicant
1248 535 1291 572 et
1322 533 1368 572 tu
1400 531 1524 572 huius
1559 532 1763 573 scientiae
1790 531 1888 572 deli-

371 609 565 648 ramenta
597 604 847 658 contemnis,
878 604 923 644 in
954 603 1033 645 hac
1064 605 1185 657 parte
1217 601 1455 656 Epicureus
1489 616 1547 643 es.
1607 601 1697 644 Nec
1729 617 1813 644 non
1845 602 1889 643 in

372 677 466 717 aliis
505 677 698 730 partibus
736 675 993 730 Epicureum
1034 689 1135 715 eum.
1175 673 1306 715 fuisse
1351 674 1634 728 cognoscitur.
1698 672 1808 714 Nam
1849 672 1889 714 II

371 749 440 801 21,
467 748 523 789 34
554 747 635 789 hoc
673 747 1032 800 utitur'exemplo
1067 745 1178 800 quod
1218 745 1263 785 in
1302 744 1423 785 libris
1455 744 1504 785 de
1537 745 1621 785 inu.
1655 759 1739 785 non
1776 744 1890 785 inue-

371 820 501 860 nitur:
547 818 689 860 ‘Duae
728 832 795 859 res
834 820 951 871 sunt,
986 816 1165 870 iudices,
1205 830 1312 870 quae
1353 829 1500 856 omnes
1540 815 1592 856 ad
1633 815 1889 857 maleficium

371 891 592 944 inpellant,
620 890 806 931 luxuries
834 891 877 930 et
904 887 1099 929 auaritia.
1145 886 1254 936 Quid
1281 886 1430 928 amor?
1457 886 1621 940 inquiet
1647 886 1889 940 quispiam?

372 961 473 1016 quid
499 960 706 1003 ambitio?
739 961 838 1014 quid
865 959 1048 1014 religio?
1083 958 1184 1014 quid
1211 960 1350 999 metus
1377 958 1558 999 mortis?
1592 957 1692 1012 quid
1720 957 1891 1011 imperii

372 1031 626 1087 cupiditas‘?'
679 1032 840 1081 Quibus
880 1032 922 1072 in
962 1030 1105 1071 uerbis
1138 1044 1263 1070 nemo
1296 1043 1382 1070 non
1419 1028 1708 1069 reminiscitur
1740 1028 1892 1069 Lucre-

371 1104 479 1145 tiani
504 1104 620 1145 illius
648 1103 985 1156 ἐπιφωνήματος
1004 1101 1024 1142 Ι
1047 1101 1127 1143 101
1159 1100 1342 1142 etantum
1370 1100 1523 1155 religio
1550 1099 1692 1154 potuit
1717 1099 1891 1140 suadere

374 1175 600 1216 malorum'
633 1189 767 1229 neque
801 1175 1028 1255 quicquam
1061 1172 1197 1227 magis
1230 1171 1450 1226 proprium
1485 1173 1550 1212 est
1581 1170 1891 1224 Epicureorum

373 1261 499 1301 quam
533 1247 684 1287 mortis
717 1248 855 1286 metus
886 1259 981 1286 cum
1013 1243 1220 1298 religione
1247 1243 1517 1284 consociatus
1544 1241 1679 1283 ueluti
1703 1240 1891 1283 Lucretii

373 1318 495 1359 1144
529 1317 778 1372 ‘religiones
812 1316 1020 1371 effugiunt
1053 1314 1196 1355 animo
1229 1314 1409 1368 pauidae
1449 1314 1682 1367 mortisque
1715 1313 1890 1354 timores

373 1392 464 1430 tum
501 1403 684 1431 uacuum
723 1403 876 1442 corpus
915 1385 1107 1428 lincunt?
1158 1384 1390 1440 Praecipue
1430 1384 1608 1439 denique
1649 1384 1891 1426 conferendi

373 1476 440 1502 uu.
466 1459 653 1502 Lucretii
679 1459 743 1500 HI
764 1459 819 1501 59
837 1473 970 1513 seqq.:
997 1457 1204 1511 ‘Denique
1231 1456 1432 1498 auarities
1460 1459 1502 1496 et
1527 1455 1740 1497 honorum
1767 1470 1891 1497 caeca

373 1532 523 1586 cupido
551 1546 659 1586 quae
692 1531 871 1572 miseros
897 1529 1092 1571 homines
1122 1531 1282 1583 cogunt
1307 1527 1628 1569 transscendere
1656 1527 1760 1568 fines
1787 1527 1890 1568 iuris

374 1606 416 1644 et
456 1603 670 1644 interdum
710 1602 849 1643 socios
889 1601 1093 1642 scelerum
1137 1602 1263 1654 atque
1310 1599 1531 1640 ministros
1576 1601 1722 1640 noctes
1765 1601 1891 1652 atque

371 1675 460 1715 dies
493 1674 575 1715 niti
606 1676 853 1729 praestante
892 1673 1038 1714 labore
1071 1671 1125 1712 ad
1158 1685 1346 1712 summas
1380 1684 1594 1724 emergere
1628 1685 1748 1724 opes,
1787 1670 1891 1711 haec

371 1747 547 1787 uolnera
573 1746 688 1786 uitae
715 1760 802 1787 non
828 1744 1050 1785 minimam
1079 1746 1245 1797 partem
1272 1742 1424 1783 mortis
1450 1741 1681 1782 formidine
1708 1741 1892 1782 aluntur.

372 1817 527 1872 Turpis
560 1817 674 1858 enim
705 1816 838 1858 ferme
871 1817 1142 1869 contemptus
1175 1817 1216 1855 et
1248 1814 1356 1856 acris
1389 1811 1574 1868 egestas'
1602 1827 1634 1854 e.
1657 1827 1694 1867 q.
1716 1828 1745 1853 s.

107 1889 369 1956 ffissfqsis‘s'ffliiiirffi
490 1887 682 1942 Scriptor
701 1888 836 1952 igitur
860 1889 1089 1941 praecepta
1116 1885 1259 1927 omnia
1280 1899 1387 1939 quae
1413 1884 1457 1925 in
1485 1883 1632 1925 schola
1658 1884 1710 1924 ad
1731 1884 1891 1925 dictata

134 1969 197 1986 ¹⁴¹¹¹¹¹
219 1962 347 1986 2‘11101·
374 1960 559 2001 doctoris
592 1959 906 2013 conscripserat
942 1960 1171 2011 postquam
1204 1956 1379 2010 collegit
1410 1955 1453 1996 in
1485 1954 1548 1996 IV
1580 1955 1714 1996 libros
1748 1955 1889 1996 distri-

373 2031 483 2085 buit,
521 2031 673 2085 quibus
714 2030 907 2085 singulos
948 2031 1099 2083 postea
1137 2028 1389 2081 adiungeret
1422 2029 1464 2067 et
1497 2026 1690 2080 epilogos
1724 2028 1766 2066 et
1797 2041 1891 2080 pro-

375 2103 524 2144 oemia.
574 2101 687 2143 Nam
730 2102 984 2155 quicumque
1029 2099 1250 2154 prooemia
1289 2098 1389 2139 libri
1427 2096 1469 2138 Π
1509 2100 1551 2138 et
1588 2096 1653 2137 ΙΙΙ
1698 2100 1892 2138 accurate

374 2174 623 2229 perlegerit,
667 2174 703 2214 is
748 2173 969 2226 intelleget
1014 2172 1101 2212 iam
1146 2174 1238 2211 tum
1283 2184 1379 2210 cum
1423 2169 1523 2209 libri
1554 2167 1597 2208 Π
1627 2170 1891 2222 prooemium

374 2246 678 2299 conscriberet,
722 2246 978 2298 praeparata
1021 2242 1084 2282 illi
1122 2242 1253 2282 fuisse
1291 2240 1369 2281 illa
1405 2239 1489 2281 tria
1528 2239 1747 2281 uolumina
1785 2254 1893 2294 quae

374 2317 566 2372 singulos
599 2316 796 2369 deinceps
836 2315 1074 2368 reciperent
1111 2313 1246 2354 libros
1278 2310 1423 2352 I-III
1456 2312 1498 2351 et
1529 2310 1687 2351 librum
1717 2310 1761 2351 II
1791 2314 1892 2352 tune

373 2388 459 2428 iam
491 2387 725 2442 perfectum
757 2389 799 2426 et
831 2386 1076 2426 absolutum
1108 2383 1262 2424 fuisse:
1294 2382 1402 2423 conf.
1431 2382 1472 2422 ΙΙ
1501 2384 1541 2436 1,
1567 2383 1588 2422 1
1624 2381 1695 2422 ‘ea
1727 2396 1891 2435 quoque

372 2459 497 2500 nobis
538 2459 620 2500 erit
656 2458 737 2498 hoc
776 2457 885 2497 libro
931 2455 1235 2509 propemodum
1281 2453 1499 2495 absoluta:
1542 2466 1700 2506 paruae
1745 2455 1890 2506 partes

375 2531 464 2572 eius
496 2530 539 2571 in
570 2529 745 2570 tertium
777 2528 978 2569 uolumen
1010 2524 1349 2567 transferentur?
1401 2524 1439 2578 2,
1460 2525 1486 2564 2
1521 2522 1708 2564 eDeinde
1741 2523 1792 2564 ad
1825 2538 1891 2565 ex-

374 2605 555 2643 tremum
602 2598 696 2656 (30,
728 2600 782 2640 47
819 2595 953 2654 seqq.)
999 2597 1219 2638 docuimus
1265 2595 1501 2637 cuiusmodi
1547 2594 1889 2635 conclusionibus

375 2674 618 2715 orationum
651 2671 713 2712 uti
746 2667 970 2724 oporteat.'
1002 2667 1067 2709 III
1094 2669 1130 2721 l,
1154 2669 1174 2708 1
1211 2667 1288 2708 tDe
1317 2666 1554 2708 elocutione
1576 2698 1584 2706 .
1605 2699 1613 2707 .
1635 2698 1643 2706 .
1663 2665 1707 2706 in
1740 2669 1889 2720 quarto

374 2745 484 2786 libro
530 2742 796 2785 conscribere
842 2740 1072 2781 maluimus
1118 2753 1242 2794 quem
1286 2740 1334 2779 ut
1380 2737 1565 2778 arbitror
1611 2736 1691 2777 tibi
1734 2736 1889 2776 librum

376 2816 566 2856 celeriter
598 2814 842 2855 absolutum
876 2809 1123 2852 mittemus?
1175 2809 1316 2864 Atque
1349 2809 1394 2850 in
1425 2808 1545 2849 libris
1579 2807 1632 2848 ad
1664 2806 1765 2848 Her.
1791 2822 1887 2861 pro-

377 2887 609 2927 oemiorum
648 2889 690 2926 et
728 2884 994 2938 epilogorum
1028 2882 1141 2922 idem
1176 2881 1301 2922 stilus
1335 2884 1378 2921 et
1409 2879 1554 2921 eadem
1587 2877 1698 2919 ratio
1731 2882 1796 2919 est
1828 2878 1889 2918 di-

377 2956 512 2999 cendi:
545 2957 589 2997 in
621 2956 742 2996 libris
769 2955 818 2996 de
844 2956 930 2995 inu.
957 2953 1117 3008 epilogi
1143 2951 1387 2993 breuissimi
1415 2953 1513 2992 sunt
1541 2952 1582 2990 et
1608 2964 1632 2990 a
1658 2949 1888 3003 prooemiis

1552 602 1563 618 5
