2003 3116
286 1302 305 1388 *2⁷

344 99 428 139 120
916 89 1283 132 rRoLEGOMENA.

342 207 426 247 tria
451 208 648 259 tempora
674 204 910 259 diuisimus‚
941 206 990 245 ut
1020 204 1148 258 plane
1175 206 1335 246 certam
1366 205 1482 246 uiam
1516 209 1559 248 et
1589 207 1857 262 perspicuam

343 276 554 318 rationem
593 274 863 316 exordiorum
899 274 1166 316 haberemus.
1227 273 1352 317 Nunc
1384 276 1495 330 quod
1532 277 1744 332 reliquum
1783 282 1859 334 est,

344 347 543 402 quoniam
571 345 620 387 de
646 360 787 387 rerum
813 345 1060 387 inuentione
1087 345 1389 401 disputandum
1421 349 1498 402 est,
1530 348 1575 389 in
1601 363 1684 404 quo
1717 351 1859 405 singu-

344 419 430 459 lare
458 417 726 459 consumitur
752 417 935 459 oratoris
962 417 1200 472 artificium,
1230 417 1426 459 dabimus
1453 433 1627 473 operam
1653 422 1700 461 ut
1724 420 1859 462 nihilo

344 489 485 530 minus
523 488 733 530 industrie
772 503 900 543 quam
938 488 1000 529 rei
1037 489 1202 530 utilitas
1242 489 1499 543 postulabit,
1544 490 1762 545 quaesisse
1800 491 1860 532 ui-

343 560 535 614 deamur⁷
579 559 615 601 si
652 559 771 614 prius
811 574 948 614 pauca
987 559 1036 600 de
1081 559 1290 602 diuisione
1335 574 1559 603 causarum
1604 561 1861 604 dixerimus.⁷

345 630 507 680 Quibus
547 630 653 672 locis
686 630 799 673 inter
831 645 876 673 se
908 631 1169 686 comparatis
1200 646 1325 674 nemo
1358 647 1445 674 non
1477 632 1594 675 uidet
1626 633 1863 676 doctrinam

344 702 461 743 illam
492 716 516 742 a
543 702 749 757 scriptore
777 701 829 743 ad
853 700 955 744 Her.
975 702 1180 744 traditam
1206 705 1249 744 et
1274 705 1467 758 tempore
1494 706 1538 746 et
1563 706 1653 746 arte
1677 696 1864 760 priorem

346 787 438 814 esse
471 787 520 814 ea
550 787 658 828 quae
691 773 736 814 in
769 773 893 815 libris
927 773 976 815 de
1009 774 1093 815 inu.
1119 774 1305 816 traditur
1329 789 1465 830 neque
1491 775 1602 817 hanc
1626 790 1716 817 rem
1742 776 1865 818 bonis

347 844 506 891 diluere
543 846 777 898 potuerunt
811 845 1076 900 argumentis
1109 844 1362 887 Weidnerus
1400 846 1530 900 praef.
1563 847 1660 889 edit.
1693 847 1742 888 de
1782 847 1867 888 inu.

345 930 383 970 p.
428 914 509 957 XV
562 914 608 957 G.
647 915 850 958 Thieleus
896 914 1178 964 Quaestiones
1224 916 1274 958 de
1315 915 1518 959 Cornifici
1566 920 1608 959 et
1656 915 1871 959 Ciceronis

347 986 512 1028 artibus
550 986 775 1029 rhetoricis
810 985 1181 1042 Gryphiswaldiae
1225 987 1335 1030 1889
1368 1003 1408 1042 p.
1437 988 1502 1030 19.
1563 987 1715 1044 Itaque
1751 988 1871 1030 Man«

347 1057 527 1099 cinellus
559 1057 621 1099 ita
653 1058 880 1100 conclusit:
926 1057 1073 1100 Cicero
1112 1059 1187 1100 illa
1221 1058 1433 1115 doctrina,
1472 1074 1579 1114 quae
1612 1061 1664 1102 ab
1700 1062 1873 1103 auctore

347 1128 555 1171 librorum
582 1129 635 1170 ad
660 1128 760 1172 Her.
786 1129 972 1184 primum
1005 1129 1221 1184 profertur
1247 1133 1311 1172 est
1339 1145 1453 1172 usus.
1503 1130 1652 1173 Cicero
1685 1131 1754 1173 fur
1785 1146 1872 1173 non

349 1204 426 1241 est.
476 1200 594 1255 Ergo
627 1200 725 1242 libri
759 1200 811 1242 ad
838 1199 938 1242 Her.
969 1199 1187 1242 Ciceronis
1221 1203 1331 1242 sunt.
1382 1201 1656 1244 Recentiores
1689 1203 1874 1244 editores

350 1270 599 1312 Schuetzius
649 1269 869 1327 Kayserus
921 1271 994 1312 alii
1046 1274 1197 1314 contra
1247 1272 1327 1314 hoc
1384 1273 1529 1315 modo:
1594 1271 1742 1317 Cicero
1797 1274 1874 1315 illa

351 1341 544 1384 doctrina
577 1345 642 1384 est
673 1357 786 1384 usus.
848 1341 965 1383 Libri
999 1342 1053 1384 ad
1084 1341 1186 1385 Her.
1219 1342 1436 1386 Ciceronis
1468 1358 1555 1386 non
1589 1347 1697 1386 sunt.
1755 1344 1873 1399 Ergo

350 1413 498 1456 Cicero
531 1413 600 1455 fur
633 1416 698 1456 est
732 1414 990 1470 scripsitque
1022 1416 1121 1469 post
1154 1414 1291 1457 editos
1323 1415 1456 1457 libros
1490 1416 1542 1457 ad
1575 1415 1674 1457 Her.

471 1484 662 1541 Utraque
715 1485 930 1528 conclusio
981 1485 1090 1527 falsa
1135 1488 1210 1529 est.
1273 1486 1369 1542 Ego
1414 1487 1544 1528 uelim
1590 1486 1651 1528 illi
1696 1487 1769 1542 qui
1813 1487 1876 1528 ita

351 1556 609 1600 concludunt
635 1572 718 1612 quo
746 1558 877 1611 uulgo
906 1557 1015 1598 solet
1040 1556 1168 1599 hodie
1195 1557 1390 1600 concludi
1420 1558 1540 1613 prius
1566 1557 1687 1599 illam
1718 1560 1869 1600 tracta

351 1628 493 1670 uerint
531 1629 825 1683 quaestionem
864 1628 914 1669 de
947 1628 1028 1670 fide
1067 1628 1290 1684 scriptoris
1329 1629 1381 1671 ad
1419 1629 1521 1671 Her.
1583 1629 1758 1671 Etenim
1797 1643 1875 1685 ego

293 1694 299 1702 ‘
353 1699 523 1754 quidem
567 1713 677 1754 nego
728 1699 947 1742 hominem
992 1698 1235 1742 Romanum
1278 1700 1320 1741 in
1367 1701 1607 1755 praeceptis
1651 1700 1876 1742 rhetoricis

353 1771 439 1812 tale
468 1771 569 1825 quid
595 1785 778 1813 nouasse
805 1770 962 1812 nedum
989 1786 1085 1812 eum
1111 1771 1364 1826 scriptorem
1392 1772 1464 1827 qui
1492 1772 1624 1813 talem
1654 1771 1876 1825 periodum

352 1842 499 1897 posuit
531 1842 745 1884 elumbem
779 1844 820 1883 et
852 1842 1160 1884 claudicantem
1189 1844 1356 1898 qualem
1389 1844 1415 1886 1.
1442 1857 1472 1884 s.
1499 1843 1697 1898 legimus,
1729 1842 1802 1897 qui
1832 1842 1876 1884 in

355 1913 563 1968 exemplis
597 1927 690 1955 cam
723 1912 935 1955 rationem
962 1915 1131 1955 secutus
1165 1914 1233 1968 sit,
1265 1929 1391 1968 quam
1427 1928 1556 1968 supra
1587 1928 1626 1968 p.
1656 1914 1739 1955 114
1771 1914 1876 1955 satis

356 1986 551 2026 accurate
591 1983 882 2039 cognouimus.
944 1982 1023 2025 Ille
1063 1985 1175 2025 enim
1209 1985 1280 2039 qui
1319 1985 1558 2039 complures
1590 1999 1666 2039 per
1697 1985 1877 2040 paginas

356 2055 460 2097 sat-is
501 2055 692 2097 studiose
730 2055 1035 2097 declamauerit
1073 2070 1163 2097 sese
1203 2056 1289 2097 suis
1328 2070 1506 2097 usurum
1548 2070 1639 2097 esse
1673 2056 1879 2110 exemplis

356 2126 701 2182 quanquuidem
756 2126 970 2168 rhetorem
1021 2127 1161 2181 ipsum
1213 2127 1390 2182 gignere
1443 2127 1588 2169 deceat
1639 2129 1680 2168 et
1728 2141 1878 2181 parere

357 2198 564 2253 exempla,
596 2212 682 2240 non
715 2198 855 2239 aliena
886 2213 964 2253 pro
998 2198 1086 2240 suis
1120 2198 1360 2254 uenditare,
1398 2198 1544 2253 paucis
1576 2197 1748 2254 paginis
1781 2200 1879 2252 post

357 2269 462 2310 talia
498 2270 632 2323 ponat
668 2269 860 2323 exempla
894 2270 1018 2323 quale
1051 2269 1156 2310 illud
1190 2272 1254 2310 est
1286 2270 1455 2324 ‘poema
1486 2270 1666 2324 loquens
1701 2268 1879 2324 pictura,

357 2340 524 2394 pictura
559 2339 739 2380 tacitum
778 2353 929 2394 poema
963 2340 1087 2380 debet
1120 2340 1239 2395 esse’,
1276 2341 1350 2381 ille
1387 2340 1478 2381 dico
1513 2340 1584 2394 qui
1617 2339 1877 2381 Graecorum

358 2411 532 2453 nomina
558 2414 793 2465 auctorum,
826 2425 932 2465 quos
960 2411 1116 2466 ubique
1144 2412 1303 2465 expilat
1332 2411 1383 2452 ad
1416 2411 1606 2465 uerbum,
1637 2425 1723 2452 non
1750 2426 1878 2452 ausus

359 2485 425 2523 est
455 2481 647 2533 laudare,
679 2481 798 2523 nulla
831 2495 932 2523 sane
964 2482 1119 2536 dignus
1152 2482 1234 2524 erit
1265 2482 1358 2524 fide.
1420 2481 1569 2536 Neque
1600 2482 1740 2523 hercle
1772 2496 1878 2536 quae

360 2555 425 2595 est
451 2553 561 2594 ratio
590 2552 827 2595 studiorum
853 2552 1035 2594 istorum
1062 2568 1204 2594 meum
1229 2553 1309 2594 erit
1329 2553 1637 2608 demonstrare,
1663 2552 1878 2594 hominem

360 2625 482 2665 illum
519 2626 593 2665 aut
628 2623 772 2678 ipsum
817 2625 891 2665 aut
935 2624 1024 2666 eius
1067 2627 1387 2679 praeceptorem
1433 2638 1521 2666 non
1564 2623 1754 2678 potuisse
1792 2624 1878 2664 tale

362 2695 461 2749 quid
493 2695 684 2736 inuenire
718 2697 791 2736 aut
822 2709 998 2749 nouare,
1038 2695 1110 2736 sed
1143 2710 1291 2737 eorum
1330 2696 1403 2750 qui
1434 2695 1515 2737 hoc
1554 2694 1730 2736 credunt
1762 2694 1879 2736 omni

362 2765 631 2807 dubitatione
676 2765 844 2807 abiecta
893 2766 1084 2807 officium
1137 2766 1218 2808 erit
1267 2766 1489 2808 ostendere
1534 2765 1634 2820 quid
1684 2764 1879 2806 rhetores

363 2834 517 2889 Latini,
550 2836 648 2888 quid
682 2836 751 2877 hic
778 2836 960 2890 scriptor
993 2837 1136 2878 eiusue
1169 2837 1372 2892 magister
1405 2836 1579 2878 omnino
1611 2836 1880 2891 nouauerint3
