2003 3116
679 168 1046 205 PROLEGOMENA.
1572 171 1626 212 29

104 279 284 320 caretur.
336 277 383 319 In
421 279 642 320 nonnullis
681 280 896 321 erroribus
936 279 1117 334 denique
1149 279 1259 320 mira
1295 279 1504 333 quaedam
1537 294 1628 333 per-

108 349 290 403 spicitur
322 351 565 392 constantia
591 353 633 392 et
665 351 913 393 similitudo.
964 349 1111 392 Veluti
1147 365 1225 405 pro
1254 350 1388 403 facere
1418 351 1484 391 ter
1514 350 1628 404 posi-

105 423 196 461 tum
241 423 307 462 est
345 421 469 474 facile
510 420 577 462 III
609 423 682 476 22,
709 423 763 464 37
816 423 889 474 24,
916 421 985 464 39.
1034 420 1096 462 IV
1122 422 1196 477 47,
1224 422 1297 476 60,
1346 436 1422 476 pro
1471 436 1630 463 omnem

105 492 331 534 orationem
367 491 433 533 III
464 493 506 546 2,
536 493 580 534 3:
629 494 960 534 memorationem
1010 492 1137 534 sicuti
1180 492 1243 534 IV
1270 493 1344 547 32,
1369 494 1426 535 43
1473 508 1551 548 pro
1596 497 1632 534 et

103 566 336 605 oratorum:
379 566 712 605 memoratorum:
755 563 904 604 deinde
942 563 1053 605 alius
1091 566 1133 604 et
1170 564 1238 605 ille
1270 565 1410 605 solent
1442 565 1554 606 inter
1585 580 1628 606 se

105 634 307 676 confundi
339 636 387 674 ut
417 633 461 675 ΙΙ
486 634 532 688 4,
553 634 578 674 6
616 648 694 688 pro
732 634 842 675 alias
872 635 1051 676 rationes
1081 636 1368 677 commodiores
1405 633 1534 692 (conf.
1567 635 1628 676 IV

104 706 178 758 41,
200 705 276 760 53)
314 711 360 746 M
395 705 549 746 habuit
586 705 685 746 illas
723 719 756 746 e.
784 720 822 759 q.
851 720 900 760 s.,
936 704 999 746 IV
1025 704 1176 758 45‚58
1216 720 1292 760 pro
1334 707 1521 760 aliquod:
1566 708 1630 749 illi

103 778 212 830 quod
248 777 375 818 sicuti
412 777 458 817 in
495 775 807 818 recentioribus
840 777 956 818 codd.
985 777 1134 833 2Ο,27
1175 792 1252 832 pro
1285 778 1379 819 Ala·
1415 778 1631 820 inuenitur

103 848 189 902 Illi,
221 848 291 902 34,
310 847 367 889 45
399 862 477 903 pro
508 847 770 901 Aliquando:
802 848 869 890 illa·
899 849 1072 902 quando.
1131 846 1214 889 Sed
1245 848 1295 890 de
1328 849 1630 903 compendiosa

104 919 317 974 scriptura
353 919 572 960 hactenus.
628 918 724 974 Ego
763 919 1020 973 dignissima
1058 934 1250 975 quaeque
1289 923 1528 962 memoratu
1561 936 1627 962 ex-

106 991 256 1045 scripsi
289 1005 384 1033 cum
419 1005 489 1033 eos
522 991 796 1045 potissimum
828 991 945 1033 locos
979 991 1190 1033 adferrem
1223 992 1273 1033 de
1306 993 1462 1047 quibus
1496 992 1628 1034 edito-

104 1076 171 1103 res
206 1062 472 1104 dubitarunt:
512 1077 690 1117 quorum
731 1077 955 1104 numerum
995 1077 1044 1104 ex
1084 1066 1293 1118 apparatu
1326 1063 1472 1105 critico
1505 1063 1628 1105 facilc

106 1133 247 1189 quiuis
285 1134 446 1189 poterit
483 1148 649 1189 augere.
703 1134 767 1175 Ex
807 1135 868 1176 eis
907 1149 1007 1176 uero
1048 1150 1156 1190 quae
1195 1135 1322 1177 modo
1361 1135 1485 1177 docui
1525 1136 1628 1176 satis

104 1193 435 1260 apparetquam
470 1205 642 1247 difficile
676 1206 732 1246 sit
765 1206 817 1247 ad
843 1205 1159 1247 diiudicandum
1186 1209 1328 1248 utrum
1359 1206 1629 1248 scribendum

104 1277 160 1318 sit
191 1277 284 1330 quis
317 1292 372 1318 an
404 1278 487 1331 qni,
518 1277 816 1330 conprehensus
848 1292 902 1318 an
933 1278 1240 1331 comprehensus
1272 1277 1440 1320 similia.
1485 1278 1628 1333 Appa-

103 1350 245 1390 ratum
286 1348 466 1403 denique
510 1348 704 1390 criticum
749 1349 784 1390 si
822 1337 916 1404 quis
952 1349 1235 1404 perlustrabit
1274 1352 1483 1405 accurate,
1522 1351 1628 1391 mul-

102 1419 159 1460 tis
199 1419 304 1461 locis
345 1419 536 1461 inueniet
574 1423 676 1461 nata
714 1434 804 1462 esse
845 1420 998 1462 menda
1031 1420 1185 1463 codicis
1218 1428 1265 1463 M
1296 1435 1346 1462 ex
1385 1422 1627 1462 litterarum

101 1490 514 1546 transpositionibus
547 1491 681 1532 ueluti
715 1506 791 1546 pro
832 1495 932 1534 recte.
969 1493 1126 1534 acutior
1156 1494 1347 1535 monendi
1381 1493 1496 1534 uobis
1526 1494 1628 1535 didi-

100 1566 240 1604 cerunt
277 1563 466 1604 incidunt
501 1562 653 1603 habuit
690 1566 790 1604 certo
826 1564 985 1605 auctior
1016 1565 1208 1606 ozomondc’
1245 1565 1359 1606 bonis
1398 1565 1631 1606 deciderunt

99 1634 302 1688 indicant,
340 1633 403 1675 IV
429 1634 500 1689 47,
519 1634 575 1675 60
616 1634 679 1675 bis
718 1649 795 1689 pro
833 1639 1084 1689 expectatus:
1122 1640 1373 1690 exceptatns:
1412 1651 1511 1678 nam
1545 1636 1628 1678 for-

99 1720 213 1747 mam
245 1708 492 1759 exspectatets
522 1711 568 1746 M
601 1721 685 1747 non
717 1707 850 1748 nouit.

220 1775 301 1818 Sed
334 1777 422 1818 alia
453 1777 664 1831 quaedam
697 1792 763 1820 res
796 1793 904 1834 quae
934 1780 976 1820 in
1005 1780 1268 1835 apographis
1295 1780 1385 1823 cod.
1411 1787 1457 1823 M
1483 1781 1658 1822 obser-1

99 1849 226 1889 uatur
252 1863 520 1904 summopere
546 1864 624 1891 nos
657 1848 789 1892 faciat
821 1853 992 1905 oportet
1024 1853 1227 1894 attentos.
1278 1850 1378 1894 Cod.
1407 1852 1448 1893 H
1476 1852 1623 1893 multis

99 1920 205 1961 locis
246 1920 386 1962 solum
423 1935 569 1962 ueram
603 1922 858 1976 scripturam
899 1936 1093 1964 seruasse
1125 1938 1221 1965 cum
1254 1925 1448 1978 apertum
1481 1924 1538 1965 sit
1568 1948 1626 1953 -—

101 1992 236 2033 ueluti
275 1992 312 2034 is
351 1992 468 2034 solus
512 1995 679 2047 praeter
725 1995 888 2035 ceteros
935 1994 1123 2035 seruauit
1167 1995 1424 2049 scripturam
1467 1994 1626 2037 cottidie

99 2078 195 2105 cum
239 2062 306 2104 illi
350 2064 586 2118 praebeant
629 2065 772 2106 cotidie
817 2079 965 2107 omnes
995 2089 1044 2095 —
1074 2080 1151 2108 nos
1196 2066 1311 2108 haud
1357 2068 1448 2108 sine
1498 2082 1626 2109 causa

99 2135 260 2177 factum
283 2150 375 2177 esse
404 2136 671 2177 censebimus
699 2136 811 2191 quod
839 2137 957 2178 solus
978 2137 1020 2178 H
1042 2141 1191 2192 quater
1218 2139 1422 2181 continuo
1450 2140 1627 2194 praebet

101 2207 306 2261 scriptum
334 2207 502 2260 dificilis
529 2206 549 2247 f
571 2207 715 2248 littera
741 2222 829 2249 non
855 2209 1074 2263 geminata
1103 2208 1259 2264 11122,
1279 2211 1346 2252 37.
1381 2211 1448 2265 24,
1470 2210 1525 2251 39
1558 2210 1624 2251 bis

98 2276 160 2318 IV
187 2278 224 2331 4,
253 2278 293 2319 6.
350 2276 600 2319 Cuiusmodi
633 2279 742 2320 uitia
774 2293 870 2320 cum
902 2279 1015 2321 haud
1049 2281 1128 2321 sim
1161 2282 1330 2323 nescius
1363 2282 1524 2336 passim
1559 2297 1623 2323 ex—

100 2352 213 2390 stare
258 2349 303 2390 in
346 2349 494 2391 multis
539 2350 891 2404 inscriptionibus
936 2354 977 2393 et
1022 2352 1139 2394 codd.
1185 2368 1315 2395 manu
1360 2353 1531 2409 scriptis
1576 2362 1624 2394 eo

98 2423 245 2462 tamen
285 2421 472 2463 adducor
508 2423 557 2463 ut
594 2422 835 2464 accuratius
876 2426 1135 2478 pertractem
1174 2425 1287 2480 quod
1327 2425 1372 2466 in
1410 2425 1530 2467 libris
1573 2425 1624 2466 ad

98 2491 199 2533 Her.
238 2507 322 2534 non
360 2492 450 2534 fere
487 2493 765 2535 inueniuntur
802 2494 888 2536 nisi
929 2495 975 2536 in
1014 2496 1342 2538 semiuocalibus
1383 2496 1624 2549 commissa,

98 2578 184 2604 non
215 2563 260 2604 in
293 2564 439 2605 mutis:
472 2565 622 2606 deinde
649 2565 762 2620 quod
794 2566 839 2607 in
872 2566 1105 2622 archetypo
1131 2568 1267 2609 multo
1299 2569 1467 2623 saepius
1496 2584 1624 2623 quam

98 2635 143 2675 in
184 2635 445 2690 apographis
485 2636 693 2679 eiusmodi
732 2651 942 2679 consonas
992 2638 1242 2692 simpliciter
1285 2641 1448 2694 positas
1493 2640 1624 2681 fuisse

98 2706 173 2747 ubi
212 2705 429 2748 debebant
469 2707 679 2762 geminari
718 2708 815 2749 inde
853 2707 1128 2750 manifestum
1168 2712 1249 2764 est,
1287 2710 1398 2765 quod
1436 2710 1480 2751 in
1518 2711 1624 2752 locis

100 2777 296 2832 plurimis
328 2778 484 2820 uitiose
524 2778 696 2819 traditis
730 2779 802 2820 sed
841 2782 954 2821 recte
988 2780 1220 2822 emendatis
1257 2781 1376 2836 ipsae
1409 2785 1623 2837 corrupte-

100 2848 166 2890 lae
193 2849 379 2903 produnt
406 2850 744 2904 geminationem
772 2850 814 2891 in
842 2851 1075 2907 archetypo
1101 2867 1188 2895 non
1216 2852 1344 2894 fuisse
1372 2853 1622 2897 adhibitam.

99 2920 242 2976 Atque
263 2923 479 2963 mutarum
506 2922 740 2977 geminatio
767 2921 812 2963 in
840 2923 957 2965 codd.
984 2923 1026 2965 H
1052 2926 1095 2966 et
1120 2923 1153 2966 C
1180 2925 1397 2967 inuenitur
1423 2925 1621 2981 neglecta

1663 1783 1691 1807 )e
1707 1782 1909 1813 gominationu

1662 1818 1890 1843 semiuocalium

1719 1854 1839 1879 omissa.
