<?xml version="1.0" encoding="UTF-8"?>
<!DOCTYPE html PUBLIC "-//W3C//DTD XHTML 1.0 Transitional//EN"
    "http://www.w3.org/TR/xhtml1/DTD/xhtml1-transitional.dtd">
<html xmlns="http://www.w3.org/1999/xhtml" xml:lang="en" lang="en">
 <head>
  <title>
</title>
<meta http-equiv="Content-Type" content="text/html;charset=utf-8" />
  <meta name='ocr-system' content='tesseract 3.04.00' />
  <meta name='ocr-capabilities' content='ocr_page ocr_carea ocr_par ocr_line ocrx_word'/>
</head>
<body>
  <div class='ocr_page' id='page_1' title='image "./incertiauctorisd00marxuoft_0161.png"; bbox 0 0 2003 3116; ppageno 0'>
   <div class='ocr_carea' id='block_1_1' title="bbox 693 122 1638 162">
    <p class='ocr_par' dir='ltr' id='par_1_1' title="bbox 693 122 1638 162">
     <span class='ocr_line' id='line_1_1' title="bbox 693 122 1638 162; baseline 0.003 -3"><span class='ocrx_word' id='word_1_1' title='bbox 693 126 1061 159; x_wconf 83' lang='lat' dir='ltr'>PROLEGOMENA.</span> <span class='ocrx_word' id='word_1_2' title='bbox 1560 122 1638 162; x_wconf 81' lang='lat'>141</span> 
     </span>
    </p>
   </div>
   <div class='ocr_carea' id='block_1_2' title="bbox 123 231 1933 2927">
    <p class='ocr_par' dir='ltr' id='par_1_2' title="bbox 123 231 1647 362">
     <span class='ocr_line' id='line_1_2' title="bbox 123 231 1647 290; baseline -0.004 -12"><span class='ocrx_word' id='word_1_3' title='bbox 123 236 175 278; x_wconf 87' lang='lat' dir='ltr'>de</span> <span class='ocrx_word' id='word_1_4' title='bbox 216 235 430 278; x_wconf 88' lang='lat' dir='ltr'>rhetorica</span> <span class='ocrx_word' id='word_1_5' title='bbox 467 250 595 290; x_wconf 89' lang='lat' dir='ltr'>quam</span> <span class='ocrx_word' id='word_1_6' title='bbox 640 234 821 276; x_wconf 80' lang='lat' dir='ltr'>docebat</span> <span class='ocrx_word' id='word_1_7' title='bbox 863 235 988 288; x_wconf 89' lang='lat' dir='ltr'>plura</span> <span class='ocrx_word' id='word_1_8' title='bbox 1029 233 1190 275; x_wconf 88' lang='lat' dir='ltr'>tradita</span> <span class='ocrx_word' id='word_1_9' title='bbox 1231 235 1331 274; x_wconf 89' lang='lat' dir='ltr'>sunt</span> <span class='ocrx_word' id='word_1_10' title='bbox 1371 245 1501 286; x_wconf 90' lang='lat' dir='ltr'>quam</span> <span class='ocrx_word' id='word_1_11' title='bbox 1541 231 1647 272; x_wconf 91' lang='lat' dir='ltr'>haec</span> 
     </span>
     <span class='ocr_line' id='line_1_3' title="bbox 125 304 1013 362; baseline -0.003 -13"><span class='ocrx_word' id='word_1_12' title='bbox 125 321 233 362; x_wconf 87' lang='lat' dir='ltr'>quae</span> <span class='ocrx_word' id='word_1_13' title='bbox 265 307 392 349; x_wconf 91' lang='lat' dir='ltr'>modo</span> <span class='ocrx_word' id='word_1_14' title='bbox 426 321 477 348; x_wconf 85' lang='lat' dir='ltr'>ex</span> <span class='ocrx_word' id='word_1_15' title='bbox 509 304 713 348; x_wconf 83' lang='lat' dir='ltr'>Suetonio</span> <span class='ocrx_word' id='word_1_16' title='bbox 745 305 1013 360; x_wconf 87' lang='lat' dir='ltr'>protulimus.</span> 
     </span>
    </p>

    <p class='ocr_par' dir='ltr' id='par_1_3' title="bbox 125 372 1933 2927">
     <span class='ocr_line' id='line_1_4' title="bbox 242 372 1933 434; baseline -0.003 -15"><span class='ocrx_word' id='word_1_17' title='bbox 242 377 407 423; x_wconf 81' lang='lat' dir='ltr'>Eodem</span> <span class='ocrx_word' id='word_1_18' title='bbox 437 377 525 419; x_wconf 84' lang='lat' dir='ltr'>fere</span> <span class='ocrx_word' id='word_1_19' title='bbox 559 392 669 419; x_wconf 89' lang='lat' dir='ltr'>anno</span> <span class='ocrx_word' id='word_1_20' title='bbox 704 391 785 431; x_wconf 91' lang='lat' dir='ltr'>quo</span> <span class='ocrx_word' id='word_1_21' title='bbox 820 375 1008 431; x_wconf 90' lang='lat' dir='ltr'>Opillius</span> <span class='ocrx_word' id='word_1_22' title='bbox 1047 390 1142 417; x_wconf 88' lang='lat' dir='ltr'>cum</span> <span class='ocrx_word' id='word_1_23' title='bbox 1175 374 1339 416; x_wconf 87' lang='lat' dir='ltr'>Rutilio</span> <span class='ocrx_word' id='word_1_24' title='bbox 1373 374 1486 416; x_wconf 84' lang='lat' dir='ltr'>exilii</span> <span class='ocrx_word' id='word_1_25' title='bbox 1520 388 1647 416; x_wconf 87' lang='lat' dir='ltr'>causa</span> <span class='ocrx_word' id='word_1_26' title='bbox 1666 372 1710 398; x_wconf 63' lang='grc' dir='ltr'>ΒΘ</span> <span class='ocrx_word' id='word_1_27' title='bbox 1724 373 1933 434; x_wconf 57' lang='lat' dir='ltr'>¹;ss{}¹ss{fsf¹¹‘”</span> 
     </span>
     <span class='ocr_line' id='line_1_5' title="bbox 126 445 1652 503; baseline -0.004 -12"><span class='ocrx_word' id='word_1_28' title='bbox 126 449 267 490; x_wconf 89' lang='lat' dir='ltr'>solum</span> <span class='ocrx_word' id='word_1_29' title='bbox 293 449 424 490; x_wconf 91' lang='lat' dir='ltr'>uertit</span> <span class='ocrx_word' id='word_1_30' title='bbox 449 463 609 491; x_wconf 88' lang='lat' dir='ltr'>nouum</span> <span class='ocrx_word' id='word_1_31' title='bbox 637 462 770 503; x_wconf 83' lang='lat' dir='ltr'>genus</span> <span class='ocrx_word' id='word_1_32' title='bbox 797 447 1017 488; x_wconf 80' lang='lat' dir='ltr'><strong>rhetorum</strong></span> <span class='ocrx_word' id='word_1_33' title='bbox 1039 447 1110 501; x_wconf 88' lang='lat' dir='ltr'>qui</span> <span class='ocrx_word' id='word_1_34' title='bbox 1130 445 1303 501; x_wconf 84' lang='lat' dir='ltr'>proprie</span> <span class='ocrx_word' id='word_1_35' title='bbox 1329 445 1652 500; x_wconf 75' lang='lat' dir='ltr'>appellarentur</span> 
     </span>
     <span class='ocr_line' id='line_1_6' title="bbox 126 516 1651 572; baseline -0.003 -11"><span class='ocrx_word' id='word_1_36' title='bbox 126 519 272 562; x_wconf 88' lang='lat' dir='ltr'>Latini</span> <span class='ocrx_word' id='word_1_37' title='bbox 303 520 497 562; x_wconf 76' lang='lat' dir='ltr'><strong>rhetores</strong></span> <span class='ocrx_word' id='word_1_38' title='bbox 524 519 687 561; x_wconf 87' lang='lat' dir='ltr'>Romae</span> <span class='ocrx_word' id='word_1_39' title='bbox 721 518 876 560; x_wconf 80' lang='lat' dir='ltr'>extitit.</span> <span class='ocrx_word' id='word_1_40' title='bbox 919 517 983 558; x_wconf 91' lang='lat' dir='ltr'>De</span> <span class='ocrx_word' id='word_1_41' title='bbox 1016 517 1170 572; x_wconf 87' lang='lat' dir='ltr'>quibus</span> <span class='ocrx_word' id='word_1_42' title='bbox 1203 531 1309 571; x_wconf 89' lang='lat' dir='ltr'>quae</span> <span class='ocrx_word' id='word_1_43' title='bbox 1335 516 1459 558; x_wconf 89' lang='lat' dir='ltr'>nobis</span> <span class='ocrx_word' id='word_1_44' title='bbox 1491 516 1651 558; x_wconf 86' lang='lat' dir='ltr'>tradita</span> 
     </span>
     <span class='ocr_line' id='line_1_7' title="bbox 127 587 1649 646; baseline -0.003 -14"><span class='ocrx_word' id='word_1_45' title='bbox 127 593 240 646; x_wconf 81' lang='lat' dir='ltr'>sunt,</span> <span class='ocrx_word' id='word_1_46' title='bbox 268 606 317 632; x_wconf 90' lang='lat' dir='ltr'>ea</span> <span class='ocrx_word' id='word_1_47' title='bbox 337 591 425 632; x_wconf 86' lang='lat' dir='ltr'>fere</span> <span class='ocrx_word' id='word_1_48' title='bbox 446 591 590 632; x_wconf 87' lang='lat' dir='ltr'>omnia</span> <span class='ocrx_word' id='word_1_49' title='bbox 611 592 686 632; x_wconf 89' lang='lat' dir='ltr'>aut</span> <span class='ocrx_word' id='word_1_50' title='bbox 706 589 951 630; x_wconf 88' lang='lat' dir='ltr'>etiamnunc</span> <span class='ocrx_word' id='word_1_51' title='bbox 972 588 1083 643; x_wconf 89' lang='lat' dir='ltr'>apud</span> <span class='ocrx_word' id='word_1_52' title='bbox 1105 587 1352 630; x_wconf 82' lang='lat' dir='ltr'>Ciceronem</span> <span class='ocrx_word' id='word_1_53' title='bbox 1371 587 1649 630; x_wconf 87' lang='lat' dir='ltr'>inueniuntur</span> 
     </span>
     <span class='ocr_line' id='line_1_8' title="bbox 129 658 1649 717; baseline -0.003 -13"><span class='ocrx_word' id='word_1_54' title='bbox 129 665 204 704; x_wconf 89' lang='lat' dir='ltr'>aut</span> <span class='ocrx_word' id='word_1_55' title='bbox 243 662 481 717; x_wconf 88' lang='lat' dir='ltr'>antiquitus</span> <span class='ocrx_word' id='word_1_56' title='bbox 520 661 866 715; x_wconf 67' lang='lat' dir='ltr'>inueniebaffiur,</span> <span class='ocrx_word' id='word_1_57' title='bbox 910 674 1036 715; x_wconf 86' lang='lat' dir='ltr'>quem</span> <span class='ocrx_word' id='word_1_58' title='bbox 1074 658 1241 700; x_wconf 88' lang='lat' dir='ltr'>Latinis</span> <span class='ocrx_word' id='word_1_59' title='bbox 1281 659 1367 699; x_wconf 91' lang='lat' dir='ltr'>illis</span> <span class='ocrx_word' id='word_1_60' title='bbox 1405 659 1649 700; x_wconf 74' lang='lat' dir='ltr'>rhetoribus</span> 
     </span>
     <span class='ocr_line' id='line_1_9' title="bbox 125 729 1651 785; baseline -0.003 -11"><span class='ocrx_word' id='word_1_61' title='bbox 125 733 453 775; x_wconf 85' lang='lat' dir='ltr'>infestissimum</span> <span class='ocrx_word' id='word_1_62' title='bbox 495 732 627 774; x_wconf 87' lang='lat' dir='ltr'>fuisse</span> <span class='ocrx_word' id='word_1_63' title='bbox 660 747 759 774; x_wconf 86' lang='lat' dir='ltr'>mox</span> <span class='ocrx_word' id='word_1_64' title='bbox 791 731 1047 773; x_wconf 88' lang='lat' dir='ltr'>uidebimus.</span> <span class='ocrx_word' id='word_1_65' title='bbox 1108 730 1222 772; x_wconf 89' lang='lat' dir='ltr'>Nam</span> <span class='ocrx_word' id='word_1_66' title='bbox 1255 744 1363 785; x_wconf 85' lang='lat' dir='ltr'>quae</span> <span class='ocrx_word' id='word_1_67' title='bbox 1397 730 1508 784; x_wconf 88' lang='lat' dir='ltr'>apud</span> <span class='ocrx_word' id='word_1_68' title='bbox 1541 729 1651 771; x_wconf 87' lang='lat' dir='ltr'>Suet.</span> 
     </span>
     <span class='ocr_line' id='line_1_10' title="bbox 127 800 1653 864; baseline -0.004 -18"><span class='ocrx_word' id='word_1_69' title='bbox 127 805 178 846; x_wconf 91' lang='lat' dir='ltr'>de</span> <span class='ocrx_word' id='word_1_70' title='bbox 205 804 314 864; x_wconf 63' lang='lat' dir='ltr'>rhet.</span> <span class='ocrx_word' id='word_1_71' title='bbox 334 806 362 846; x_wconf 80' lang='lat'>2</span> <span class='ocrx_word' id='word_1_72' title='bbox 395 804 530 846; x_wconf 88' lang='lat' dir='ltr'>Tacit.</span> <span class='ocrx_word' id='word_1_73' title='bbox 553 803 709 859; x_wconf 82' lang='lat' dir='ltr'>dialog.</span> <span class='ocrx_word' id='word_1_74' title='bbox 731 803 787 846; x_wconf 82' lang='lat'>35</span> <span class='ocrx_word' id='word_1_75' title='bbox 821 801 962 845; x_wconf 86' lang='lat' dir='ltr'>Senec.</span> <span class='ocrx_word' id='word_1_76' title='bbox 985 804 1176 844; x_wconf 86' lang='lat' dir='ltr'>controu.</span> <span class='ocrx_word' id='word_1_77' title='bbox 1197 801 1238 842; x_wconf 90' lang='lat' dir='ltr'>II</span> <span class='ocrx_word' id='word_1_78' title='bbox 1266 800 1397 856; x_wconf 84' lang='lat' dir='ltr'>praef.</span> <span class='ocrx_word' id='word_1_79' title='bbox 1417 801 1444 843; x_wconf 78' lang='lat'>5</span> <span class='ocrx_word' id='word_1_80' title='bbox 1478 800 1653 849; x_wconf 87' lang='lat' dir='ltr'>Quintil.</span> 
     </span>
     <span class='ocr_line' id='line_1_11' title="bbox 126 872 1653 931; baseline -0.004 -13"><span class='ocrx_word' id='word_1_81' title='bbox 126 875 170 917; x_wconf 93' lang='grc' dir='ltr'>Π</span> <span class='ocrx_word' id='word_1_82' title='bbox 196 876 236 931; x_wconf 75' lang='grc'>4,</span> <span class='ocrx_word' id='word_1_83' title='bbox 260 877 317 918; x_wconf 81' lang='grc'>42</span> <span class='ocrx_word' id='word_1_84' title='bbox 342 877 547 930; x_wconf 80' lang='lat' dir='ltr'>leguntur</span> <span class='ocrx_word' id='word_1_85' title='bbox 573 876 644 931; x_wconf 88' lang='lat' dir='ltr'>qni</span> <span class='ocrx_word' id='word_1_86' title='bbox 670 875 777 917; x_wconf 85' lang='lat' dir='ltr'>haec</span> <span class='ocrx_word' id='word_1_87' title='bbox 802 874 953 916; x_wconf 82' lang='lat' dir='ltr'>tradit:</span> <span class='ocrx_word' id='word_1_88' title='bbox 986 873 1111 916; x_wconf 69' lang='lat' dir='ltr'>‘Nam</span> <span class='ocrx_word' id='word_1_89' title='bbox 1140 873 1262 914; x_wconf 89' lang='lat' dir='ltr'>fictas</span> <span class='ocrx_word' id='word_1_90' title='bbox 1290 872 1342 914; x_wconf 87' lang='lat' dir='ltr'>ad</span> <span class='ocrx_word' id='word_1_91' title='bbox 1368 872 1653 913; x_wconf 87' lang='lat' dir='ltr'>imitationem</span> 
     </span>
     <span class='ocr_line' id='line_1_12' title="bbox 127 942 1650 1002; baseline -0.004 -13"><span class='ocrx_word' id='word_1_92' title='bbox 127 946 212 988; x_wconf 87' lang='lat' dir='ltr'>fori</span> <span class='ocrx_word' id='word_1_93' title='bbox 245 947 607 1002; x_wconf 84' lang='lat' dir='ltr'>consiliorumque</span> <span class='ocrx_word' id='word_1_94' title='bbox 646 946 852 988; x_wconf 85' lang='lat' dir='ltr'>materias</span> <span class='ocrx_word' id='word_1_95' title='bbox 886 945 996 1000; x_wconf 89' lang='lat' dir='ltr'>apud</span> <span class='ocrx_word' id='word_1_96' title='bbox 1032 943 1221 987; x_wconf 86' lang='lat' dir='ltr'>Graecos</span> <span class='ocrx_word' id='word_1_97' title='bbox 1254 944 1391 985; x_wconf 79' lang='lat' dir='ltr'>dicere</span> <span class='ocrx_word' id='word_1_98' title='bbox 1424 943 1536 985; x_wconf 89' lang='lat' dir='ltr'>circa</span> <span class='ocrx_word' id='word_1_99' title='bbox 1567 942 1650 984; x_wconf 90' lang='lat' dir='ltr'>De—</span> 
     </span>
     <span class='ocr_line' id='line_1_13' title="bbox 126 1014 1652 1060; baseline -0.003 0"><span class='ocrx_word' id='word_1_100' title='bbox 126 1018 327 1060; x_wconf 87' lang='lat' dir='ltr'>metrium</span> <span class='ocrx_word' id='word_1_101' title='bbox 367 1018 577 1060; x_wconf 88' lang='lat' dir='ltr'>Phalerea</span> <span class='ocrx_word' id='word_1_102' title='bbox 615 1017 861 1059; x_wconf 86' lang='lat' dir='ltr'>institutum</span> <span class='ocrx_word' id='word_1_103' title='bbox 903 1016 991 1058; x_wconf 87' lang='lat' dir='ltr'>fere</span> <span class='ocrx_word' id='word_1_104' title='bbox 1030 1017 1293 1058; x_wconf 87' lang='lat' dir='ltr'>constat</span> <span class='ocrx_word' id='word_1_105' title='bbox 1331 1014 1512 1057; x_wconf 89' lang='lat' dir='ltr'>Latinos</span> <span class='ocrx_word' id='word_1_106' title='bbox 1552 1029 1652 1056; x_wconf 91' lang='lat' dir='ltr'>uero</span> 
     </span>
     <span class='ocr_line' id='line_1_14' title="bbox 128 1087 1654 1145; baseline -0.003 -14"><span class='ocrx_word' id='word_1_107' title='bbox 128 1089 294 1132; x_wconf 87' lang='lat' dir='ltr'>dicendi</span> <span class='ocrx_word' id='word_1_108' title='bbox 333 1091 634 1145; x_wconf 75' lang='lat' dir='ltr'>praeceptores</span> <span class='ocrx_word' id='word_1_109' title='bbox 673 1090 872 1131; x_wconf 84' lang='lat' dir='ltr'>extremis</span> <span class='ocrx_word' id='word_1_110' title='bbox 905 1088 950 1130; x_wconf 93' lang='lat' dir='ltr'>L.</span> <span class='ocrx_word' id='word_1_111' title='bbox 979 1087 1123 1131; x_wconf 84' lang='lat' dir='ltr'>Crassi</span> <span class='ocrx_word' id='word_1_112' title='bbox 1164 1087 1430 1142; x_wconf 83' lang='lat' dir='ltr'>temporibus</span> <span class='ocrx_word' id='word_1_113' title='bbox 1464 1087 1654 1141; x_wconf 87' lang='lat' dir='ltr'>coepisse</span> 
     </span>
     <span class='ocr_line' id='line_1_15' title="bbox 129 1158 1655 1216; baseline -0.002 -14"><span class='ocrx_word' id='word_1_114' title='bbox 129 1159 277 1203; x_wconf 87' lang='lat' dir='ltr'>Cicero</span> <span class='ocrx_word' id='word_1_115' title='bbox 311 1163 462 1204; x_wconf 84' lang='lat' dir='ltr'>auctor</span> <span class='ocrx_word' id='word_1_116' title='bbox 495 1164 580 1216; x_wconf 79' lang='lat' dir='ltr'>est,</span> <span class='ocrx_word' id='word_1_117' title='bbox 611 1176 791 1216; x_wconf 88' lang='lat' dir='ltr'>quorum</span> <span class='ocrx_word' id='word_1_118' title='bbox 826 1160 1008 1216; x_wconf 80' lang='lat' dir='ltr'>insignis</span> <span class='ocrx_word' id='word_1_119' title='bbox 1043 1159 1227 1201; x_wconf 74' lang='lat' dir='ltr'>maxime</span> <span class='ocrx_word' id='word_1_120' title='bbox 1260 1159 1424 1200; x_wconf 84' lang='lat' dir='ltr'>Plotius</span> <span class='ocrx_word' id='word_1_121' title='bbox 1458 1158 1574 1212; x_wconf 82' lang='lat' dir='ltr'>fuit&#39;,</span> <span class='ocrx_word' id='word_1_122' title='bbox 1606 1173 1655 1199; x_wconf 85' lang='lat' dir='ltr'>ea</span> 
     </span>
     <span class='ocr_line' id='line_1_16' title="bbox 127 1228 1655 1286; baseline -0.003 -12"><span class='ocrx_word' id='word_1_123' title='bbox 127 1232 272 1274; x_wconf 82' lang='lat' dir='ltr'>omnia</span> <span class='ocrx_word' id='word_1_124' title='bbox 304 1247 354 1273; x_wconf 84' lang='lat' dir='ltr'>ex</span> <span class='ocrx_word' id='word_1_125' title='bbox 387 1231 603 1274; x_wconf 83' lang='lat' dir='ltr'>Ciceronis</span> <span class='ocrx_word' id='word_1_126' title='bbox 646 1231 816 1286; x_wconf 83' lang='lat' dir='ltr'>scriptis</span> <span class='ocrx_word' id='word_1_127' title='bbox 850 1231 1075 1286; x_wconf 86' lang='lat' dir='ltr'>desumpta</span> <span class='ocrx_word' id='word_1_128' title='bbox 1113 1245 1206 1272; x_wconf 83' lang='lat' dir='ltr'>esse</span> <span class='ocrx_word' id='word_1_129' title='bbox 1239 1232 1401 1271; x_wconf 89' lang='lat' dir='ltr'>certum</span> <span class='ocrx_word' id='word_1_130' title='bbox 1433 1232 1510 1271; x_wconf 91' lang='lat' dir='ltr'>est.</span> <span class='ocrx_word' id='word_1_131' title='bbox 1573 1228 1655 1270; x_wconf 87' lang='lat' dir='ltr'>Sed</span> 
     </span>
     <span class='ocr_line' id='line_1_17' title="bbox 131 1300 1655 1359; baseline -0.003 -14"><span class='ocrx_word' id='word_1_132' title='bbox 131 1303 176 1344; x_wconf 88' lang='lat' dir='ltr'>in</span> <span class='ocrx_word' id='word_1_133' title='bbox 207 1303 289 1345; x_wconf 86' lang='lat' dir='ltr'>hac</span> <span class='ocrx_word' id='word_1_134' title='bbox 321 1318 366 1345; x_wconf 91' lang='lat' dir='ltr'>re</span> <span class='ocrx_word' id='word_1_135' title='bbox 396 1304 507 1345; x_wconf 90' lang='lat' dir='ltr'>nihil</span> <span class='ocrx_word' id='word_1_136' title='bbox 540 1303 679 1359; x_wconf 80' lang='lat' dir='ltr'>magis</span> <span class='ocrx_word' id='word_1_137' title='bbox 712 1303 912 1344; x_wconf 86' lang='lat' dir='ltr'>mirabile</span> <span class='ocrx_word' id='word_1_138' title='bbox 939 1305 1017 1356; x_wconf 81' lang='lat' dir='ltr'>est,</span> <span class='ocrx_word' id='word_1_139' title='bbox 1050 1317 1175 1357; x_wconf 85' lang='lat' dir='ltr'>quam</span> <span class='ocrx_word' id='word_1_140' title='bbox 1212 1301 1323 1357; x_wconf 87' lang='lat' dir='ltr'>quod</span> <span class='ocrx_word' id='word_1_141' title='bbox 1357 1300 1482 1342; x_wconf 90' lang='lat' dir='ltr'>modo</span> <span class='ocrx_word' id='word_1_142' title='bbox 1514 1301 1655 1356; x_wconf 87' lang='lat' dir='ltr'>plura-</span> 
     </span>
     <span class='ocr_line' id='line_1_18' title="bbox 127 1372 1654 1429; baseline -0.002 -13"><span class='ocrx_word' id='word_1_143' title='bbox 127 1375 226 1416; x_wconf 88' lang='lat' dir='ltr'>liter</span> <span class='ocrx_word' id='word_1_144' title='bbox 257 1374 404 1416; x_wconf 84' lang='lat' dir='ltr'>Latini</span> <span class='ocrx_word' id='word_1_145' title='bbox 443 1374 636 1416; x_wconf 84' lang='lat' dir='ltr'>rhetores</span> <span class='ocrx_word' id='word_1_146' title='bbox 677 1374 950 1429; x_wconf 84' lang='lat' dir='ltr'>appellantur</span> <span class='ocrx_word' id='word_1_147' title='bbox 988 1374 1115 1416; x_wconf 90' lang='lat' dir='ltr'>modo</span> <span class='ocrx_word' id='word_1_148' title='bbox 1154 1388 1262 1415; x_wconf 88' lang='lat' dir='ltr'>unus</span> <span class='ocrx_word' id='word_1_149' title='bbox 1303 1374 1375 1414; x_wconf 92' lang='grc'><strong>1116</strong></span> <span class='ocrx_word' id='word_1_150' title='bbox 1407 1372 1453 1414; x_wconf 89' lang='lat' dir='ltr'>L.</span> <span class='ocrx_word' id='word_1_151' title='bbox 1487 1372 1654 1414; x_wconf 87' lang='lat' dir='ltr'>Plotius</span> 
     </span>
     <span class='ocr_line' id='line_1_19' title="bbox 128 1444 1654 1500; baseline -0.001 -13"><span class='ocrx_word' id='word_1_152' title='bbox 128 1445 289 1487; x_wconf 86' lang='lat' dir='ltr'>Gallus.</span> <span class='ocrx_word' id='word_1_153' title='bbox 339 1446 451 1488; x_wconf 89' lang='lat' dir='ltr'>Nam</span> <span class='ocrx_word' id='word_1_154' title='bbox 485 1449 656 1500; x_wconf 90' lang='lat' dir='ltr'>praeter</span> <span class='ocrx_word' id='word_1_155' title='bbox 688 1446 801 1487; x_wconf 88' lang='lat' dir='ltr'>hunc</span> <span class='ocrx_word' id='word_1_156' title='bbox 833 1445 993 1486; x_wconf 88' lang='lat' dir='ltr'>nullius</span> <span class='ocrx_word' id='word_1_157' title='bbox 1028 1445 1213 1486; x_wconf 86' lang='lat' dir='ltr'>rhetoris</span> <span class='ocrx_word' id='word_1_158' title='bbox 1241 1445 1312 1499; x_wconf 87' lang='lat' dir='ltr'>qui</span> <span class='ocrx_word' id='word_1_159' title='bbox 1347 1444 1399 1486; x_wconf 88' lang='lat' dir='ltr'>ad</span> <span class='ocrx_word' id='word_1_160' title='bbox 1432 1444 1530 1486; x_wconf 87' lang='lat' dir='ltr'>illos</span> <span class='ocrx_word' id='word_1_161' title='bbox 1564 1459 1654 1498; x_wconf 90' lang='lat' dir='ltr'>per-</span> 
     </span>
     <span class='ocr_line' id='line_1_20' title="bbox 127 1515 1653 1571; baseline -0.002 -12"><span class='ocrx_word' id='word_1_162' title='bbox 127 1517 265 1560; x_wconf 85' lang='lat' dir='ltr'>tineat</span> <span class='ocrx_word' id='word_1_163' title='bbox 303 1532 458 1559; x_wconf 89' lang='lat' dir='ltr'>nomen</span> <span class='ocrx_word' id='word_1_164' title='bbox 500 1517 688 1558; x_wconf 83' lang='lat' dir='ltr'>traditur</span> <span class='ocrx_word' id='word_1_165' title='bbox 726 1532 862 1571; x_wconf 90' lang='lat' dir='ltr'>neque</span> <span class='ocrx_word' id='word_1_166' title='bbox 905 1517 993 1558; x_wconf 89' lang='lat' dir='ltr'>ulla</span> <span class='ocrx_word' id='word_1_167' title='bbox 1032 1531 1077 1558; x_wconf 89' lang='lat' dir='ltr'>re</span> <span class='ocrx_word' id='word_1_168' title='bbox 1115 1516 1291 1570; x_wconf 88' lang='lat' dir='ltr'>probari</span> <span class='ocrx_word' id='word_1_169' title='bbox 1331 1518 1475 1570; x_wconf 82' lang='lat' dir='ltr'>potest</span> <span class='ocrx_word' id='word_1_170' title='bbox 1506 1515 1653 1557; x_wconf 83' lang='lat' dir='ltr'>Volta-</span> 
     </span>
     <span class='ocr_line' id='line_1_21' title="bbox 128 1586 1654 1643; baseline -0.002 -13"><span class='ocrx_word' id='word_1_171' title='bbox 128 1589 275 1630; x_wconf 90' lang='lat' dir='ltr'>cilium</span> <span class='ocrx_word' id='word_1_172' title='bbox 312 1588 503 1630; x_wconf 86' lang='lat' dir='ltr'>Pilutum</span> <span class='ocrx_word' id='word_1_173' title='bbox 542 1589 779 1629; x_wconf 85' lang='lat' dir='ltr'>Antonium</span> <span class='ocrx_word' id='word_1_174' title='bbox 822 1588 1094 1643; x_wconf 89' lang='lat' dir='ltr'>Gniphonem</span> <span class='ocrx_word' id='word_1_175' title='bbox 1138 1587 1244 1629; x_wconf 87' lang='lat' dir='ltr'>alios</span> <span class='ocrx_word' id='word_1_176' title='bbox 1283 1588 1323 1628; x_wconf 88' lang='lat' dir='ltr'>in</span> <span class='ocrx_word' id='word_1_177' title='bbox 1368 1586 1497 1629; x_wconf 86' lang='lat' dir='ltr'>Plotii</span> <span class='ocrx_word' id='word_1_178' title='bbox 1537 1587 1654 1628; x_wconf 85' lang='lat' dir='ltr'>illius</span> 
     </span>
     <span class='ocr_line' id='line_1_22' title="bbox 129 1659 1655 1715; baseline -0.002 -13"><span class='ocrx_word' id='word_1_179' title='bbox 129 1663 244 1702; x_wconf 83' lang='lat' dir='ltr'>secta</span> <span class='ocrx_word' id='word_1_180' title='bbox 270 1659 562 1702; x_wconf 87' lang='lat' dir='ltr'>fuisse:·nihil</span> <span class='ocrx_word' id='word_1_181' title='bbox 595 1674 695 1701; x_wconf 90' lang='lat' dir='ltr'>uero</span> <span class='ocrx_word' id='word_1_182' title='bbox 728 1659 994 1715; x_wconf 87' lang='lat' dir='ltr'>probabilius</span> <span class='ocrx_word' id='word_1_183' title='bbox 1028 1674 1154 1714; x_wconf 88' lang='lat' dir='ltr'>quam</span> <span class='ocrx_word' id='word_1_184' title='bbox 1188 1659 1399 1713; x_wconf 83' lang='lat' dir='ltr'>pluralem</span> <span class='ocrx_word' id='word_1_185' title='bbox 1432 1673 1655 1700; x_wconf 89' lang='lat' dir='ltr'>numerum</span> 
     </span>
     <span class='ocr_line' id='line_1_23' title="bbox 127 1730 1655 1777; baseline -0.001 -5"><span class='ocrx_word' id='word_1_186' title='bbox 127 1733 312 1774; x_wconf 84' lang='lat' dir='ltr'>tractum</span> <span class='ocrx_word' id='word_1_187' title='bbox 351 1746 443 1773; x_wconf 86' lang='lat' dir='ltr'>esse</span> <span class='ocrx_word' id='word_1_188' title='bbox 482 1746 531 1773; x_wconf 79' lang='lat' dir='ltr'>ex</span> <span class='ocrx_word' id='word_1_189' title='bbox 571 1731 709 1773; x_wconf 89' lang='lat' dir='ltr'>edicto</span> <span class='ocrx_word' id='word_1_190' title='bbox 750 1731 825 1772; x_wconf 92' lang='lat' dir='ltr'>illo</span> <span class='ocrx_word' id='word_1_191' title='bbox 865 1745 1088 1772; x_wconf 88' lang='lat' dir='ltr'>censorum</span> <span class='ocrx_word' id='word_1_192' title='bbox 1135 1745 1248 1772; x_wconf 88' lang='lat' dir='ltr'>anno</span> <span class='ocrx_word' id='word_1_193' title='bbox 1288 1730 1455 1777; x_wconf 74' lang='lat' dir='ltr'><em>662s92</em></span> <span class='ocrx_word' id='word_1_194' title='bbox 1505 1733 1655 1772; x_wconf 87' lang='lat' dir='ltr'>contra</span> 
     </span>
     <span class='ocr_line' id='line_1_24' title="bbox 128 1801 1656 1857; baseline -0.002 -13"><span class='ocrx_word' id='word_1_195' title='bbox 128 1803 306 1845; x_wconf 91' lang='lat' dir='ltr'>Latinos</span> <span class='ocrx_word' id='word_1_196' title='bbox 334 1803 526 1844; x_wconf 81' lang='lat' dir='ltr'>rhetores</span> <span class='ocrx_word' id='word_1_197' title='bbox 554 1802 681 1844; x_wconf 85' lang='lat' dir='ltr'>facto.</span> <span class='ocrx_word' id='word_1_198' title='bbox 733 1801 928 1844; x_wconf 87' lang='lat' dir='ltr'>Ciceroni</span> <span class='ocrx_word' id='word_1_199' title='bbox 949 1805 1093 1843; x_wconf 81' lang='lat' dir='ltr'>autem</span> <span class='ocrx_word' id='word_1_200' title='bbox 1120 1816 1273 1857; x_wconf 84' lang='lat' dir='ltr'>graues</span> <span class='ocrx_word' id='word_1_201' title='bbox 1295 1817 1390 1843; x_wconf 88' lang='grc'><strong>611111</strong></span> <span class='ocrx_word' id='word_1_202' title='bbox 1412 1802 1656 1844; x_wconf 76' lang='lat' dir='ltr'>rhetoribus</span> 
     </span>
     <span class='ocr_line' id='line_1_25' title="bbox 127 1873 1656 1929; baseline -0.001 -14"><span class='ocrx_word' id='word_1_203' title='bbox 127 1873 294 1916; x_wconf 87' lang='lat' dir='ltr'>Latinis</span> <span class='ocrx_word' id='word_1_204' title='bbox 345 1874 624 1929; x_wconf 82' lang='lat' dir='ltr'>agitabantur</span> <span class='ocrx_word' id='word_1_205' title='bbox 673 1874 937 1916; x_wconf 88' lang='lat' dir='ltr'>inimicitiae.</span> <span class='ocrx_word' id='word_1_206' title='bbox 1005 1874 1129 1915; x_wconf 91' lang='lat' dir='ltr'>Anno</span> <span class='ocrx_word' id='word_1_207' title='bbox 1176 1874 1346 1928; x_wconf 73' lang='lat' dir='ltr'>698s&#39;56</span> <span class='ocrx_word' id='word_1_208' title='bbox 1391 1874 1447 1917; x_wconf 84' lang='lat' dir='ltr'>M.</span> <span class='ocrx_word' id='word_1_209' title='bbox 1486 1874 1656 1916; x_wconf 79' lang='lat' dir='ltr'>Caelius</span> 
     </span>
     <span class='ocr_line' id='line_1_26' title="bbox 130 1944 1657 2000; baseline -0.001 -13"><span class='ocrx_word' id='word_1_210' title='bbox 130 1946 268 1988; x_wconf 84' lang='lat' dir='ltr'>Rufus</span> <span class='ocrx_word' id='word_1_211' title='bbox 301 1949 448 1988; x_wconf 91' lang='lat' dir='ltr'>orator</span> <span class='ocrx_word' id='word_1_212' title='bbox 481 1947 704 1987; x_wconf 86' lang='lat' dir='ltr'>accusatus</span> <span class='ocrx_word' id='word_1_213' title='bbox 739 1961 763 1987; x_wconf 87' lang='lat' dir='ltr'>a</span> <span class='ocrx_word' id='word_1_214' title='bbox 794 1945 838 1987; x_wconf 94' lang='lat' dir='ltr'>L.</span> <span class='ocrx_word' id='word_1_215' title='bbox 872 1944 1126 2000; x_wconf 87' lang='lat' dir='ltr'>Sempronio</span> <span class='ocrx_word' id='word_1_216' title='bbox 1162 1945 1366 1987; x_wconf 86' lang='lat' dir='ltr'>Atratino</span> <span class='ocrx_word' id='word_1_217' title='bbox 1406 1945 1455 1986; x_wconf 90' lang='lat' dir='ltr'>de</span> <span class='ocrx_word' id='word_1_218' title='bbox 1488 1945 1531 1986; x_wconf 93' lang='lat' dir='ltr'>ui</span> <span class='ocrx_word' id='word_1_219' title='bbox 1565 1960 1657 1986; x_wconf 89' lang='lat' dir='ltr'>ora-</span> 
     </span>
     <span class='ocr_line' id='line_1_27' title="bbox 130 2015 1657 2071; baseline -0.001 -13"><span class='ocrx_word' id='word_1_220' title='bbox 130 2017 292 2059; x_wconf 90' lang='lat' dir='ltr'>tionem</span> <span class='ocrx_word' id='word_1_221' title='bbox 324 2017 442 2059; x_wconf 89' lang='lat' dir='ltr'>illam</span> <span class='ocrx_word' id='word_1_222' title='bbox 468 2017 622 2059; x_wconf 87' lang='lat' dir='ltr'>habuit</span> <span class='ocrx_word' id='word_1_223' title='bbox 647 2017 691 2058; x_wconf 89' lang='lat' dir='ltr'>in</span> <span class='ocrx_word' id='word_1_224' title='bbox 719 2032 802 2071; x_wconf 90' lang='lat' dir='ltr'>qua</span> <span class='ocrx_word' id='word_1_225' title='bbox 830 2015 1036 2059; x_wconf 79' lang='lat' dir='ltr'>Suetonio</span> <span class='ocrx_word' id='word_1_226' title='bbox 1064 2019 1236 2057; x_wconf 80' lang='lat' dir='ltr'>auc-tore</span> <span class='ocrx_word' id='word_1_227' title='bbox 1266 2016 1315 2057; x_wconf 85' lang='lat' dir='ltr'>de</span> <span class='ocrx_word' id='word_1_228' title='bbox 1342 2016 1449 2058; x_wconf 85' lang='lat' dir='ltr'>rhet.</span> <span class='ocrx_word' id='word_1_229' title='bbox 1476 2018 1502 2057; x_wconf 76' lang='lat'>2</span> <span class='ocrx_word' id='word_1_230' title='bbox 1530 2015 1657 2057; x_wconf 72' lang='lat' dir='ltr'>‘hunc</span> 
     </span>
     <span class='ocr_line' id='line_1_28' title="bbox 131 2087 1655 2145; baseline -0.001 -16"><span class='ocrx_word' id='word_1_231' title='bbox 131 2088 317 2130; x_wconf 88' lang='lat' dir='ltr'>Plotium</span> <span class='ocrx_word' id='word_1_232' title='bbox 343 2120 352 2130; x_wconf 92' lang='lat'>.</span> <span class='ocrx_word' id='word_1_233' title='bbox 382 2121 391 2130; x_wconf 83' lang='lat'>.</span> <span class='ocrx_word' id='word_1_234' title='bbox 417 2122 425 2131; x_wconf 91' lang='lat'>.</span> <span class='ocrx_word' id='word_1_235' title='bbox 453 2089 672 2145; x_wconf 81' lang='lat' dir='ltr'>significat</span> <span class='ocrx_word' id='word_1_236' title='bbox 711 2088 896 2130; x_wconf 82' lang='lat' dir='ltr'>dictasse</span> <span class='ocrx_word' id='word_1_237' title='bbox 930 2087 1136 2130; x_wconf 86' lang='lat' dir='ltr'>Atratino</span> <span class='ocrx_word' id='word_1_238' title='bbox 1170 2088 1410 2130; x_wconf 87' lang='lat' dir='ltr'>accusatori</span> <span class='ocrx_word' id='word_1_239' title='bbox 1444 2088 1655 2130; x_wconf 86' lang='lat' dir='ltr'>actionem</span> 
     </span>
     <span class='ocr_line' id='line_1_29' title="bbox 131 2159 1660 2214; baseline -0.001 -14"><span class='ocrx_word' id='word_1_240' title='bbox 131 2160 436 2214; x_wconf 86' lang='lat' dir='ltr'>subtractoque</span> <span class='ocrx_word' id='word_1_241' title='bbox 486 2160 657 2202; x_wconf 89' lang='lat' dir='ltr'>nomine</span> <span class='ocrx_word' id='word_1_242' title='bbox 707 2159 982 2200; x_wconf 88' lang='lat' dir='ltr'>hordearium</span> <span class='ocrx_word' id='word_1_243' title='bbox 1034 2174 1128 2200; x_wconf 91' lang='lat' dir='ltr'>eum</span> <span class='ocrx_word' id='word_1_244' title='bbox 1187 2159 1404 2201; x_wconf 89' lang='lat' dir='ltr'>rhetorem</span> <span class='ocrx_word' id='word_1_245' title='bbox 1456 2159 1660 2214; x_wconf 75' lang='lat' dir='ltr'>appellat,</span> 
     </span>
     <span class='ocr_line' id='line_1_30' title="bbox 131 2230 1657 2285; baseline 0 -14"><span class='ocrx_word' id='word_1_246' title='bbox 131 2230 327 2272; x_wconf 88' lang='lat' dir='ltr'>deridens</span> <span class='ocrx_word' id='word_1_247' title='bbox 354 2233 402 2272; x_wconf 89' lang='lat' dir='ltr'>ut</span> <span class='ocrx_word' id='word_1_248' title='bbox 427 2231 624 2272; x_wconf 89' lang='lat' dir='ltr'>inflatum</span> <span class='ocrx_word' id='word_1_249' title='bbox 653 2246 701 2272; x_wconf 87' lang='lat' dir='ltr'>ac</span> <span class='ocrx_word' id='word_1_250' title='bbox 733 2231 870 2272; x_wconf 89' lang='lat' dir='ltr'>leuem</span> <span class='ocrx_word' id='word_1_251' title='bbox 905 2233 947 2272; x_wconf 92' lang='lat' dir='ltr'>et</span> <span class='ocrx_word' id='word_1_252' title='bbox 979 2230 1227 2272; x_wconf 83' lang='lat' dir='ltr'>sordidum’.</span> <span class='ocrx_word' id='word_1_253' title='bbox 1271 2230 1485 2272; x_wconf 88' lang='lat' dir='ltr'>Videlicet</span> <span class='ocrx_word' id='word_1_254' title='bbox 1517 2244 1657 2285; x_wconf 83' lang='lat' dir='ltr'>gram-</span> 
     </span>
     <span class='ocr_line' id='line_1_31' title="bbox 131 2301 1658 2356; baseline 0 -14"><span class='ocrx_word' id='word_1_255' title='bbox 131 2302 289 2343; x_wconf 88' lang='lat' dir='ltr'>matico</span> <span class='ocrx_word' id='word_1_256' title='bbox 316 2301 460 2356; x_wconf 90' lang='lat' dir='ltr'>aliquo</span> <span class='ocrx_word' id='word_1_257' title='bbox 489 2305 664 2344; x_wconf 89' lang='lat' dir='ltr'>auctore</span> <span class='ocrx_word' id='word_1_258' title='bbox 697 2316 799 2343; x_wconf 91' lang='lat' dir='ltr'>usus</span> <span class='ocrx_word' id='word_1_259' title='bbox 833 2304 898 2343; x_wconf 85' lang='lat' dir='ltr'>est</span> <span class='ocrx_word' id='word_1_260' title='bbox 925 2301 1153 2344; x_wconf 83' lang='lat' dir='ltr'>Suetonius</span> <span class='ocrx_word' id='word_1_261' title='bbox 1187 2302 1258 2356; x_wconf 88' lang='lat' dir='ltr'>qui</span> <span class='ocrx_word' id='word_1_262' title='bbox 1293 2302 1418 2343; x_wconf 88' lang='lat' dir='ltr'>sicuti</span> <span class='ocrx_word' id='word_1_263' title='bbox 1446 2301 1658 2343; x_wconf 86' lang='lat' dir='ltr'>Asconius</span> 
     </span>
     <span class='ocr_line' id='line_1_32' title="bbox 130 2371 1655 2427; baseline -0.001 -13"><span class='ocrx_word' id='word_1_264' title='bbox 130 2388 174 2427; x_wconf 80' lang='lat' dir='ltr'>p.</span> <span class='ocrx_word' id='word_1_265' title='bbox 201 2373 255 2415; x_wconf 88' lang='lat'>14</span> <span class='ocrx_word' id='word_1_266' title='bbox 285 2373 338 2416; x_wconf 84' lang='lat' dir='ltr'>K.</span> <span class='ocrx_word' id='word_1_267' title='bbox 365 2371 405 2414; x_wconf 89' lang='lat' dir='ltr'>S.</span> <span class='ocrx_word' id='word_1_268' title='bbox 444 2372 488 2414; x_wconf 93' lang='lat' dir='ltr'>in</span> <span class='ocrx_word' id='word_1_269' title='bbox 526 2372 781 2414; x_wconf 86' lang='lat' dir='ltr'>Pisonianae</span> <span class='ocrx_word' id='word_1_270' title='bbox 827 2373 969 2414; x_wconf 86' lang='lat' dir='ltr'>uerbis</span> <span class='ocrx_word' id='word_1_271' title='bbox 1013 2372 1100 2414; x_wconf 91' lang='lat' dir='ltr'>illis</span> <span class='ocrx_word' id='word_1_272' title='bbox 1144 2374 1213 2426; x_wconf 75' lang='lat'>28,</span> <span class='ocrx_word' id='word_1_273' title='bbox 1241 2373 1296 2415; x_wconf 80' lang='lat'>68</span> <span class='ocrx_word' id='word_1_274' title='bbox 1336 2372 1438 2414; x_wconf 73' lang='lat' dir='ltr'>‘Est</span> <span class='ocrx_word' id='word_1_275' title='bbox 1482 2373 1655 2427; x_wconf 87' lang='lat' dir='ltr'>quidam</span> 
     </span>
     <span class='ocr_line' id='line_1_33' title="bbox 132 2443 1658 2500; baseline -0.001 -15"><span class='ocrx_word' id='word_1_276' title='bbox 132 2443 335 2486; x_wconf 83' lang='lat' dir='ltr'>Graecus’</span> <span class='ocrx_word' id='word_1_277' title='bbox 369 2459 402 2486; x_wconf 93' lang='lat' dir='ltr'>e.</span> <span class='ocrx_word' id='word_1_278' title='bbox 435 2460 473 2500; x_wconf 89' lang='lat' dir='ltr'>q.</span> <span class='ocrx_word' id='word_1_279' title='bbox 507 2459 538 2487; x_wconf 92' lang='lat' dir='ltr'>s.</span> <span class='ocrx_word' id='word_1_280' title='bbox 599 2444 899 2486; x_wconf 89' lang='lat' dir='ltr'>Philodemum</span> <span class='ocrx_word' id='word_1_281' title='bbox 941 2445 1003 2486; x_wconf 87' lang='lat' dir='ltr'>ita</span> <span class='ocrx_word' id='word_1_282' title='bbox 1042 2445 1088 2485; x_wconf 90' lang='lat' dir='ltr'>in</span> <span class='ocrx_word' id='word_1_283' title='bbox 1131 2443 1266 2486; x_wconf 89' lang='lat' dir='ltr'>Caelii</span> <span class='ocrx_word' id='word_1_284' title='bbox 1310 2444 1503 2486; x_wconf 86' lang='lat' dir='ltr'>oratione</span> <span class='ocrx_word' id='word_1_285' title='bbox 1545 2448 1658 2486; x_wconf 90' lang='lat' dir='ltr'>recte</span> 
     </span>
     <span class='ocr_line' id='line_1_34' title="bbox 132 2515 1660 2569; baseline -0.001 -12"><span class='ocrx_word' id='word_1_286' title='bbox 132 2516 321 2557; x_wconf 89' lang='lat' dir='ltr'>Plotium</span> <span class='ocrx_word' id='word_1_287' title='bbox 346 2516 469 2556; x_wconf 91' lang='lat' dir='ltr'>illum</span> <span class='ocrx_word' id='word_1_288' title='bbox 501 2516 738 2569; x_wconf 82' lang='lat' dir='ltr'>agnouerit.</span> <span class='ocrx_word' id='word_1_289' title='bbox 790 2515 906 2557; x_wconf 91' lang='lat' dir='ltr'>Usus</span> <span class='ocrx_word' id='word_1_290' title='bbox 940 2518 1005 2557; x_wconf 87' lang='lat' dir='ltr'>est</span> <span class='ocrx_word' id='word_1_291' title='bbox 1037 2518 1181 2557; x_wconf 86' lang='lat' dir='ltr'>autem</span> <span class='ocrx_word' id='word_1_292' title='bbox 1207 2515 1378 2558; x_wconf 87' lang='lat' dir='ltr'>Caelius</span> <span class='ocrx_word' id='word_1_293' title='bbox 1412 2516 1576 2557; x_wconf 84' lang='lat' dir='ltr'>facetiis</span> <span class='ocrx_word' id='word_1_294' title='bbox 1609 2530 1660 2556; x_wconf 78' lang='lat' dir='ltr'>ex</span> 
     </span>
     <span class='ocr_line' id='line_1_35' title="bbox 133 2586 1659 2641; baseline -0.001 -13"><span class='ocrx_word' id='word_1_295' title='bbox 133 2586 390 2628; x_wconf 79' lang='lat' dir='ltr'>Graecorum</span> <span class='ocrx_word' id='word_1_296' title='bbox 413 2587 658 2629; x_wconf 87' lang='lat' dir='ltr'>criticorum</span> <span class='ocrx_word' id='word_1_297' title='bbox 679 2587 800 2628; x_wconf 87' lang='lat' dir='ltr'>libris</span> <span class='ocrx_word' id='word_1_298' title='bbox 822 2587 1061 2641; x_wconf 87' lang='lat' dir='ltr'>desumptis</span> <span class='ocrx_word' id='word_1_299' title='bbox 1082 2587 1126 2628; x_wconf 89' lang='lat' dir='ltr'>in</span> <span class='ocrx_word' id='word_1_300' title='bbox 1148 2587 1302 2641; x_wconf 83' lang='lat' dir='ltr'>quibus</span> <span class='ocrx_word' id='word_1_301' title='bbox 1323 2589 1434 2628; x_wconf 90' lang='lat' dir='ltr'>teste</span> <span class='ocrx_word' id='word_1_302' title='bbox 1455 2586 1659 2641; x_wconf 82' lang='lat' dir='ltr'>Hermog.</span> 
     </span>
     <span class='ocr_line' id='line_1_36' title="bbox 134 2656 1657 2713; baseline -0.001 -15"><span class='ocrx_word' id='word_1_303' title='bbox 134 2657 212 2699; x_wconf 81' lang='lat' dir='ltr'>RG</span> <span class='ocrx_word' id='word_1_304' title='bbox 242 2657 308 2699; x_wconf 85' lang='lat' dir='ltr'>III</span> <span class='ocrx_word' id='word_1_305' title='bbox 332 2673 372 2713; x_wconf 91' lang='lat' dir='ltr'>p.</span> <span class='ocrx_word' id='word_1_306' title='bbox 400 2658 486 2700; x_wconf 79' lang='lat'>384</span> <span class='ocrx_word' id='word_1_307' title='bbox 506 2657 561 2697; x_wconf 86' lang='lat' dir='ltr'><strong>W</strong></span> <span class='ocrx_word' id='word_1_308' title='bbox 597 2656 641 2698; x_wconf 91' lang='lat' dir='ltr'>II</span> <span class='ocrx_word' id='word_1_309' title='bbox 674 2672 712 2711; x_wconf 90' lang='lat' dir='ltr'>p.</span> <span class='ocrx_word' id='word_1_310' title='bbox 738 2658 824 2699; x_wconf 82' lang='lat'>413</span> <span class='ocrx_word' id='word_1_311' title='bbox 853 2656 924 2711; x_wconf 87' lang='lat' dir='ltr'>Sp.</span> <span class='ocrx_word' id='word_1_312' title='bbox 955 2657 1036 2699; x_wconf 83' lang='grc' dir='ltr'>οὐκ</span> <span class='ocrx_word' id='word_1_313' title='bbox 1068 2657 1282 2713; x_wconf 76' lang='grc' dir='ltr'><em>ἀχαρίτως</em></span> <span class='ocrx_word' id='word_1_314' title='bbox 1313 2657 1552 2698; x_wconf 88' lang='lat' dir='ltr'>Dinarchus</span> <span class='ocrx_word' id='word_1_315' title='bbox 1586 2672 1657 2712; x_wconf 91' lang='lat' dir='ltr'>ap-</span> 
     </span>
     <span class='ocr_line' id='line_1_37' title="bbox 132 2726 1693 2783; baseline 0 -13"><span class='ocrx_word' id='word_1_316' title='bbox 132 2729 379 2783; x_wconf 86' lang='lat' dir='ltr'>pellabatur</span> <span class='ocrx_word' id='word_1_317' title='bbox 412 2730 616 2783; x_wconf 75' lang='grc' dir='ltr'><strong><em>κρίθινος</em></strong></span> <span class='ocrx_word' id='word_1_318' title='bbox 641 2726 958 2782; x_wconf 73' lang='grc' dir='ltr'><em>Δημοσθένηςε</em></span> <span class='ocrx_word' id='word_1_319' title='bbox 991 2728 1100 2770; x_wconf 86' lang='lat' dir='ltr'>conf.</span> <span class='ocrx_word' id='word_1_320' title='bbox 1122 2728 1320 2782; x_wconf 79' lang='lat' dir='ltr'>Meyerus</span> <span class='ocrx_word' id='word_1_321' title='bbox 1345 2727 1474 2769; x_wconf 82' lang='lat' dir='ltr'>ORF2</span> <span class='ocrx_word' id='word_1_322' title='bbox 1499 2744 1538 2783; x_wconf 88' lang='lat' dir='ltr'>p.</span> <span class='ocrx_word' id='word_1_323' title='bbox 1558 2729 1658 2770; x_wconf 81' lang='lat'>464.</span> <span class='ocrx_word' id='word_1_324' title='bbox 1691 2760 1693 2762; x_wconf 89' lang='lat'>-</span> 
     </span>
     <span class='ocr_line' id='line_1_38' title="bbox 134 2799 1655 2856; baseline 0 -14"><span class='ocrx_word' id='word_1_325' title='bbox 134 2799 258 2842; x_wconf 89' lang='lat' dir='ltr'>Unde</span> <span class='ocrx_word' id='word_1_326' title='bbox 298 2803 478 2856; x_wconf 88' lang='lat' dir='ltr'>apparet</span> <span class='ocrx_word' id='word_1_327' title='bbox 515 2800 704 2841; x_wconf 85' lang='lat' dir='ltr'>Plotium</span> <span class='ocrx_word' id='word_1_328' title='bbox 744 2800 928 2841; x_wconf 88' lang='lat' dir='ltr'>scribere</span> <span class='ocrx_word' id='word_1_329' title='bbox 968 2800 1142 2841; x_wconf 88' lang='lat' dir='ltr'>solitum</span> <span class='ocrx_word' id='word_1_330' title='bbox 1183 2814 1275 2841; x_wconf 92' lang='lat' dir='ltr'>esse</span> <span class='ocrx_word' id='word_1_331' title='bbox 1314 2800 1531 2842; x_wconf 85' lang='lat' dir='ltr'>orationes</span> <span class='ocrx_word' id='word_1_332' title='bbox 1570 2815 1655 2842; x_wconf 90' lang='lat' dir='ltr'>non</span> 
     </span>
     <span class='ocr_line' id='line_1_39' title="bbox 137 2868 1658 2927; baseline 0.001 -16"><span class='ocrx_word' id='word_1_333' title='bbox 137 2871 407 2914; x_wconf 90' lang='lat' dir='ltr'>nobilissimo</span> <span class='ocrx_word' id='word_1_334' title='bbox 446 2871 598 2927; x_wconf 88' lang='lat' dir='ltr'>cuique</span> <span class='ocrx_word' id='word_1_335' title='bbox 639 2868 766 2913; x_wconf 74' lang='lat' dir='ltr'>sic&#39;uti</span> <span class='ocrx_word' id='word_1_336' title='bbox 797 2870 968 2912; x_wconf 88' lang='lat' dir='ltr'>Aelium</span> <span class='ocrx_word' id='word_1_337' title='bbox 1006 2871 1078 2913; x_wconf 90' lang='lat' dir='ltr'>sed</span> <span class='ocrx_word' id='word_1_338' title='bbox 1116 2871 1395 2926; x_wconf 90' lang='lat' dir='ltr'>popularibus</span> <span class='ocrx_word' id='word_1_339' title='bbox 1428 2874 1471 2913; x_wconf 88' lang='lat' dir='ltr'>et</span> <span class='ocrx_word' id='word_1_340' title='bbox 1503 2872 1658 2914; x_wconf 90' lang='lat' dir='ltr'>nobili-</span> 
     </span>
    </p>
   </div>
  </div>
 </body>
</html>
