2003 3116
695 149 1062 182 PROLEGOMENA.
1562 144 1644 185 125

122 259 443 301 deliberationis
494 258 735 312 exemplum
780 259 956 311 uterque
1006 255 1208 310 proponit
1252 253 1539 296 Casilinenses
1591 255 1643 295 ab

121 330 363 372 Hannibale
395 330 696 372 circumsessos
728 327 795 370 ΙΙΙ
821 327 859 380 5,
887 328 912 369 8
945 326 989 368 Π
1016 327 1085 381 57,
1114 327 1214 368 171:
1248 325 1321 368 sed
1348 324 1496 368 Cicero
1529 325 1644 367 solus

120 415 277 442 nomen
309 400 570 442 Hannibalis
610 402 654 441 et
689 398 1018 441 Casilinensium
1060 397 1298 439 addendum
1337 411 1428 438 esse
1465 397 1646 451 putauit.

240 472 390 527 Neque
416 485 518 513 uero
546 470 729 524 scriptor
761 469 814 510 ad
841 468 941 511 Her.
967 467 1267 510 tantummodo
1300 468 1476 509 nomina
1506 470 1645 510 aucto-

123 558 218 585 rum
263 542 503 597 suppressit
552 541 625 583 sed
670 540 799 582 etiam
844 540 1038 593 exempla
1082 538 1278 580 consulto
1326 538 1579 593 praeteriuit
1623 553 1648 579 a

124 613 328 656 Cicerone
365 615 481 655 recte
511 612 665 667 posita.
727 608 878 651 Veluti
909 610 980 651 ille
1012 609 1124 651 libro
1156 609 1178 650 I
1205 609 1242 663 8,
1271 609 1325 651 13
1358 609 1463 651 haec
1495 610 1647 651 tradit:

123 685 303 727 ‘Fabula
344 687 427 740 est,
466 697 574 738 quae
613 696 750 737 neque
788 696 912 723 ueras
949 695 1087 735 neque
1126 680 1218 721 ueri
1257 680 1417 721 similes
1457 679 1648 721 continet

123 771 210 811 reS,
246 758 295 797 ut
326 770 400 797 eae
440 757 539 797 sunt
571 769 678 810 quae
716 752 936 808 tragoedis
968 752 1154 793 traditae
1187 753 1298 792 sunt.
1360 750 1553 792 Historia
1585 753 1649 791 est

124 830 248 884 gesta
273 842 354 882 res,
387 827 460 868 sed
486 827 539 868 ab
568 826 721 867 aetatis
748 827 922 866 nostrae
949 823 1156 865 memoria
1182 825 1359 864 remota.
1409 822 1647 877 Argumen-

123 902 215 940 tum
255 901 321 940 est
357 899 458 940 ficta
495 912 581 952 res,
620 911 728 951 quae
767 898 913 937 tamen
944 895 1036 936 fieri
1071 893 1213 949 potuit
1243 893 1364 935 uelut
1397 896 1649 948 argumenta

124 970 454 1012 comoediarum.
504 968 619 1009 Illud
652 981 787 1023 genus
818 966 1096 1020 narrationis,
1129 964 1240 1021 quod
1273 965 1317 1005 in
1351 964 1545 1019 personis
1578 979 1649 1019 po-

123 1041 254 1082 situm
282 1044 359 1096 est,
386 1041 511 1082 debet
537 1040 694 1081 habere
722 1038 931 1080 sermonis
959 1037 1242 1079 festiuitatem
1268 1035 1508 1077 animorum
1528 1035 1649 1076 dissi-

122 1112 426 1154 militudinem'
461 1126 495 1153 e.
522 1127 560 1166 q.
587 1127 618 1153 s.
681 1110 812 1152 Plane
845 1110 993 1151 eadem
1029 1108 1176 1151 Cicero
1209 1108 1230 1149 I
1263 1108 1328 1162 19,
1355 1108 1428 1148 ⁶27:
1470 1105 1650 1148 ‘Fabula

124 1185 257 1226 estin
284 1199 368 1238 qua
394 1198 471 1225 nec
504 1198 629 1224 uerae
661 1196 738 1224 nec
771 1181 859 1223 ueri
895 1181 1058 1222 similes
1090 1194 1156 1221 res
1190 1179 1475 1232 continentur,
1508 1178 1644 1219 cuius-

126 1256 241 1297 modi
274 1258 356 1297 cst:
405 1254 582 1309 Angues
621 1255 817 1309 ingentes
858 1253 983 1293 alites
1016 1251 1150 1293 iuncti
1182 1252 1298 1306 iugo.
1359 1250 1553 1291 Historia
1586 1252 1652 1290 est

124 1330 250 1382 gesta
280 1341 366 1380 res,
404 1327 457 1368 ab
490 1326 645 1367 aetatis
678 1327 851 1367 nostrae
884 1323 1091 1365 memoria
1122 1325 1302 1365 remota:
1343 1321 1455 1376 quod
1497 1334 1649 1375 genus:

125 1398 292 1452 Appius
330 1397 487 1439 indixit
519 1396 955 1452 Karthaginiensibus
995 1395 1166 1436 bellum.
1229 1394 1546 1448 Argumentum
1585 1393 1652 1432 est

123 1470 225 1511 ficta
262 1483 349 1523 res,
388 1484 496 1523 quae
536 1471 680 1509 tamen
717 1468 810 1509 fieri
847 1466 999 1521 potuit.
1062 1465 1319 1507 Huiusmodi
1357 1464 1469 1518 apud
1500 1463 1651 1504 Teren-

123 1541 249 1583 tium:
299 1539 412 1582 Nam
457 1540 493 1582 is
538 1542 770 1594 postquam
816 1538 997 1580 excessit
1041 1552 1092 1578 ex
1137 1537 1314 1591 ephebis
1361 1534 1526 1589 Sosia.>
1565 1534 1649 1575 Illa

125 1615 267 1654 autem
299 1612 509 1665 narratio,
547 1625 655 1666 quae
688 1612 886 1652 uersatur
917 1610 961 1650 in
993 1609 1206 1664 personis,
1244 1606 1453 1648 eiusmodi
1487 1608 1568 1659 est,
1604 1608 1652 1646 ut

124 1684 169 1725 in
200 1699 250 1726 ea
288 1683 415 1725 simul
447 1697 543 1724 cum
583 1683 709 1724 rebus
742 1682 848 1736 ipsis
880 1695 1162 1735 personarum
1195 1693 1414 1721 sermones
1447 1680 1490 1719 et
1521 1677 1652 1718 animi

125 1755 308 1810 perspici
352 1755 538 1810 possint:
582 1754 665 1796 hoc
702 1753 849 1795 modo:
895 1753 1027 1794 Venit
1072 1751 1123 1793 ad
1166 1765 1233 1792 me
1272 1765 1396 1804 saepe
1442 1749 1652 1790 clamans:

126 1827 236 1876 Quid
263 1826 368 1882 agis,
392 1825 552 1868 Micio?
585 1825 671 1868 Cur
696 1825 838 1880 perdis
860 1824 1178 1866 adulescentem
1199 1822 1354 1864 nobis?
1394 1820 1480 1864 Cur
1506 1820 1651 1861 amat?

127 1931 135 1940 .
157 1933 165 1941 .
187 1932 194 1940 .
216 1897 407 1940 Nimium
428 1898 520 1952 ipse
547 1899 614 1939 est
634 1897 764 1938 durus
791 1899 961 1951 praeter
981 1909 1247 1949 aequumque
1275 1896 1317 1934 et
1343 1893 1514 1934 bonum.
1559 1890 1653 1932 Hoc

126 1970 171 2011 in
204 1984 359 2025 genere
391 1968 654 2010 narrationis
687 1969 824 2009 multa
856 1967 982 2008 debet
1014 1967 1154 2007 inesse
1188 1964 1420 2019 festiuitas,
1458 1963 1654 2004 confecta

127 2056 178 2082 ex
209 2055 352 2082 rerum
384 2041 606 2094 uarietate,
640 2039 882 2081 animorum
910 2034 1272 2078 dissimilitudine'
1306 2050 1339 2076 e.
1366 2050 1403 2089 q.
1431 2049 1462 2075 s.
1512 2033 1653 2087 Atque

125 2113 210 2154 isto
255 2115 368 2154 certe
412 2112 507 2153 loco
553 2110 700 2152 Cicero
751 2110 836 2152 alio
891 2111 1063 2150 auctore
1109 2122 1211 2149 usus
1257 2109 1339 2147 est:
1389 2120 1490 2146 nam
1541 2104 1653 2159 apud

127 2184 378 2238 scriptorem
418 2182 470 2223 ad
508 2181 611 2223 Her.
650 2181 796 2223 omnia
837 2181 911 2221 illa
949 2179 1144 2234 exempla
1184 2178 1344 2219 omissa
1383 2179 1491 2218 sunt.
1563 2176 1655 2225 Qua

129 2269 230 2296 uero
262 2255 313 2296 de
345 2253 503 2296 causa?

246 2324 330 2367 Cur
372 2325 567 2379 exempla
598 2324 684 2365 ista
716 2323 866 2366 Cicero
900 2322 1129 2377 addiderit,
1168 2335 1247 2376 ego
1280 2335 1367 2362 non
1399 2319 1542 2361 uideo:
1580 2334 1654 2360 cur

126 2397 199 2439 ille
220 2397 423 2450 omiserit,
444 2396 661 2451 intellego.
694 2394 1000 2450 Copiosissime
1022 2393 1134 2435 enim
1155 2393 1266 2434 libro
1284 2391 1345 2433 IV
1360 2391 1652 2447 prooemiatus

128 2471 193 2510 est
235 2483 325 2510 sese
364 2467 515 2509 alienis
554 2467 762 2521 exemplis
801 2481 887 2508 non
926 2480 1100 2507 usurum
1134 2465 1208 2506 sed
1241 2479 1317 2505 sua
1352 2462 1652 2505 tantummodo

128 2540 414 2594 prolaturum:
457 2537 520 2579 IV
551 2539 622 2593 12,
652 2539 703 2579 18
745 2537 863 2578 addit
899 2537 944 2578 in
983 2537 1103 2577 uitiis
1137 2550 1229 2577 sese
1263 2535 1412 2577 alienis
1445 2534 1651 2588 exemplis

130 2611 231 2665 quin
262 2613 409 2652 utatur
439 2609 558 2650 nulla
588 2623 633 2649 re
665 2608 898 2662 prohiberi.
948 2607 1008 2648 At
1040 2607 1059 2648 Ι
1086 2607 1124 2661 9,
1154 2607 1208 2648 14
1241 2606 1369 2660 paulo
1401 2608 1500 2660 post
1531 2605 1652 2646 illum

130 2682 202 2723 ubi
234 2682 428 2736 exempla
460 2680 606 2722 omisit
637 2680 790 2734 locum,
823 2678 872 2720 de
905 2678 1012 2720 uitio
1044 2676 1306 2719 narrationis
1339 2675 1548 2731 praecipit
1576 2689 1653 2716 nec

131 2753 370 2807 exemplum
393 2752 583 2807 proferre
604 2751 789 2791 alienum
812 2752 1065 2805 aspernatus
1093 2751 1177 2790 est:
1211 2747 1411 2788 eAthenis
1431 2746 1652 2802 Megaram

129 2824 298 2879 uesperi
326 2823 501 2865 aduenit
521 2821 656 2863 Simo'
677 2836 711 2863 e.
732 2836 771 2876 q.
793 2836 836 2876 3.,
864 2820 977 2876 quod
1003 2820 1243 2874 exemplum
1271 2819 1383 2874 apud
1406 2816 1653 2859 Ciceronem

131 2910 215 2937 non
259 2895 488 2937 inuenitur.
550 2893 666 2949 Ergo
711 2908 790 2935 nos
834 2907 919 2935 non
970 2891 1242 2946 mirabimur,
1292 2890 1404 2945 quod
1448 2890 1492 2930 in
1535 2888 1652 2930 uitiis
