2003 3116
368 175 423 216 98
943 174 1310 208 PROLEGOMENA.

370 283 475 324 VIII
506 283 559 323 14
596 283 639 322 et
679 283 745 322 sat
779 281 950 321 constat
982 280 1278 321 Aristarchum
1320 284 1362 321 et
1393 280 1646 335 Dionysium
1678 281 1887 323 Thracem

368 353 626 395 uocabulum
664 350 892 391 subiecisse
929 350 1095 392 nomini
1126 352 1342 405 tamquam
1375 350 1559 404 speciem
1591 350 1682 392 eius
1715 350 1887 394 auctore

369 423 545 471 Quintil.
567 421 586 462 I
607 422 647 475 4,
665 421 722 462 20
742 419 922 475 Dionys.
943 420 1042 462 Thr.
1062 436 1102 475 p.
1122 422 1178 462 23
1200 421 1296 462 edit.
1310 419 1460 476 Uhlig.
1504 420 1564 462 At
1593 425 1890 476 exspectamus

370 508 454 534 non
477 492 558 533 dici
578 506 737 533 nomen
758 494 795 533 ct
812 492 1082 543 uocabulum,
1108 492 1180 533 sed
1201 507 1357 534 nomen
1377 496 1452 534 aut
1469 493 1728 534 uocabulum
1749 496 1792 534 et
1809 494 1890 535 hoc

367 564 460 604 loco
488 564 531 604 et
561 561 627 603 III
657 562 725 616 20,
752 563 824 604 33:
864 561 975 604 ‘cum
1008 563 1134 604 unius
1166 563 1368 619 cuiusque
1400 563 1588 605 nominis
1621 566 1663 604 et
1692 565 1892 606 uocabuli

368 633 576 675 memoria
601 633 789 689 imagine
815 633 1006 675 notatur'
1036 636 1079 675 et
1104 634 1180 675 illo
1206 633 1270 675 IV
1291 635 1359 687 21,
1379 635 1435 676 29
1463 635 1536 676 ubi
1555 634 1734 675 Latinus
1760 634 1893 676 habet

366 705 544 746 uerbum
583 708 620 746 et
654 719 830 760 nomen,
873 704 1059 747 Graecus
1105 705 1289 759 scriptor
1333 705 1561 760 ὀνομάτων
1598 704 1624 759 ἢ
1666 705 1890 761 ρημοὲτωνε

367 776 477 818 unde
510 778 691 830 apparet
727 775 944 817 rhetorem
974 775 1179 817 Latinum
1220 791 1357 831 neque
1396 777 1724 832 grammaticum
1759 776 1892 818 fuisse

367 861 505 901 neque
539 849 676 888 artem
709 845 918 888 Graecam
956 849 1071 889 recte
1109 847 1385 889 intellexisse.
1447 847 1612 888 Eodem
1644 847 1769 888 modo
1802 862 1893 901 per-

367 933 537 960 uersum
579 921 645 959 est
684 917 795 971 quod
835 917 856 958 I
892 919 1035 972 12,21
1083 918 1126 959 II
1159 918 1225 972 12,
1249 919 1300 959 17
1340 918 1411 959 ubi
1454 918 1655 960 definitur
1692 919 1791 973 quid
1838 918 1894 960 sit

366 990 548 1031 minuere
584 989 852 1044 maiestatem,
890 992 1110 1043 tamquam
1148 989 1199 1030 de
1237 989 1361 1030 unius
1403 989 1604 1032 uocabuli
1643 989 1891 1031 definitione

367 1060 519 1116 agitur.
583 1059 726 1115 Atque
765 1060 980 1102 rhetorem
1013 1060 1135 1101 illum
1174 1060 1405 1102 uerborum
1437 1061 1727 1115 potestatibus
1759 1061 1891 1102 uariis

368 1133 410 1172 et
450 1131 631 1173 diuersis
666 1146 840 1185 operam
880 1131 1047 1173 dedisse
1087 1134 1266 1186 apparet
1299 1146 1351 1173 ex
1390 1132 1449 1173 eis
1491 1147 1598 1187 quae
1630 1131 1692 1174 IV
1724 1133 1793 1187 31,
1823 1133 1892 1174 42.

367 1202 435 1257 54,
457 1203 510 1244 67
544 1203 626 1244 hac
665 1202 717 1244 de
754 1217 799 1244 re
837 1203 1049 1258 praecipit
1081 1217 1273 1258 quaeque
1307 1203 1512 1257 exemplis
1543 1203 1704 1258 passim
1736 1204 1894 1258 probat

368 1274 522 1315 adlatis
560 1274 697 1315 ueluti
737 1274 909 1329 scripsit
945 1274 989 1315 II
1022 1274 1097 1328 30,
1122 1274 1176 1315 47
1212 1273 1282 1315 eut
1313 1277 1566 1328 renouetur,
1597 1289 1683 1316 non
1715 1274 1893 1315 redinte-

368 1347 516 1399 gretur
549 1344 720 1399 oratio',
758 1344 822 1385 IV
851 1346 895 1399 1,
918 1346 938 1386 1
975 1344 1216 1386 eostentare
1250 1360 1312 1399 se,
1349 1359 1431 1386 non
1467 1345 1689 1386 ostendere
1722 1345 1893 1399 artem',

368 1417 442 1471 26,
470 1417 525 1457 36
571 1415 780 1470 ‘sequeris
819 1416 1071 1470 plerumque
1100 1414 1238 1471 'atque
1277 1417 1382 1458 adeo
1421 1414 1685 1470 insectaris’,
1728 1416 1801 1467 44,
1835 1416 1889 1457 57

369 1487 536 1528 ‘amisit
578 1488 731 1529 uitam:
778 1490 823 1529 at
860 1502 946 1529 non
984 1487 1196 1541 perdidit?
1253 1487 1478 1529 Praeterea
1520 1488 1657 1529 exitus
1706 1487 1787 1529 hoc
1828 1490 1894 1528 est

369 1557 623 1612 καταλήξεις
648 1559 879 1600 uerborum
910 1561 1120 1600 memorat
1145 1558 1208 1600 IV
1229 1559 1298 1614 20,
1318 1559 1373 1601 28
1402 1558 1526 1600 sicuti
1546 1557 1687 1600 Varro
1714 1559 1764 1600 de
1789 1559 1892 1613 ling.

367 1628 462 1671 Lat.
494 1629 534 1671 X
561 1630 614 1671 21
663 1631 705 1671 et
749 1644 872 1671 casus
917 1629 1102 1679 πτώσεις
1146 1644 1252 1685 quae
1291 1629 1453 1672 Graece
1498 1629 1696 1671 dicuntur
1729 1630 1798 1684 20,
1825 1631 1894 1671 28.

369 1702 438 1754 22,
459 1702 526 1742 30.
548 1702 622 1743 31:
656 1701 797 1756 priore
830 1702 925 1743 Ioco
960 1701 1283 1755 distinguuntur
1314 1701 1439 1743 uerba
1469 1715 1571 1755 quae
1601 1715 1719 1743 casus
1749 1701 1895 1743 habent

368 1772 411 1812 id
449 1775 514 1812 est
550 1772 740 1813 πτωτικοὲ
777 1776 825 1813 ut
864 1786 1044 1814 amorem
1083 1773 1258 1815 laborem
1296 1773 1349 1814 ab
1391 1773 1451 1814 eis
1488 1787 1590 1826 quae
1626 1787 1709 1814 non
1748 1772 1894 1814 habent

370 1857 476 1897 quae
509 1843 682 1884 ἄπτωτα
715 1844 934 1897 appellant
967 1843 1120 1885 Graeci
1151 1844 1270 1885 uelut
1301 1844 1468 1897 dili-(sere
1497 1844 1713 1897 neyleqcre,
1750 1847 1892 1898 poste-

369 1914 480 1955 riore
519 1914 631 1968 quod
669 1915 855 1969 quinque
894 1930 1016 1956 casus
1060 1918 1282 1956 enumerat
1325 1930 1403 1957 nec
1448 1928 1678 1969 agnoscere
1724 1915 1892 1956 uidetur

369 1988 536 2026 sextum
582 1985 672 2027 siue
711 1985 934 2039 Latinum,
976 1986 1019 2027 id
1064 1986 1225 2027 indicat
1269 2000 1363 2027 eum
1403 1986 1614 2027 Graecum
1654 1987 1893 2041 exemplum

371 2056 522 2097 Latine
555 2057 735 2098 uertisse
768 2072 817 2098 ea
849 2072 932 2111 qua
965 2056 1130 2098 adsolet
1162 2058 1340 2099 ratione.
1401 2056 1469 2098 Ex
1502 2057 1656 2111 quibus
1694 2057 1892 2099 omnibus

368 2127 411 2168 id
453 2141 654 2181 apparere
696 2130 917 2182 putamus,
962 2127 1172 2169 Graecum
1213 2128 1336 2169 illum
1377 2128 1496 2170 cuius
1536 2128 1615 2168 illa
1653 2143 1721 2169 ars
1763 2127 1893 2169 fuerit

371 2198 677 2252 grammaticae
711 2199 816 2239 bene
849 2199 1034 2252 peritum
1067 2199 1199 2240 fuisse
1233 2199 1305 2240 sed
1338 2199 1554 2241 rhetorem
1585 2198 1788 2241 Latinum
1821 2201 1893 2255 qui

369 2271 599 2323 praecepta
627 2269 845 2323 discipulis
872 2270 1062 2311 traderet
1082 2284 1133 2311 ex
1154 2270 1302 2325 lingua
1324 2269 1488 2312 Graeca
1515 2284 1722 2312 conuersa
1741 2285 1891 2325 parum

372 2340 502 2380 scisse
530 2340 868 2394 grammaticam.
919 2339 1000 2381 Sed
1029 2355 1121 2382 eam
1155 2341 1366 2383 rationem
1399 2355 1506 2396 quae
1539 2341 1651 2382 inter
1684 2341 1759 2382 illa
1786 2356 1893 2395 quae

373 2411 676 2464 exscripsimus
740 2413 969 2465 praecepta
1030 2415 1156 2466 atque
1211 2412 1594 2467 Peripateticorum
1651 2410 1893 2453 Stoicorum

371 2481 745 2524 Aristarcheorum
792 2482 1029 2524 doctrinam
1068 2483 1305 2524 intercedat
1342 2482 1581 2524 accuratius
1624 2482 1813 2538 definire,
1857 2483 1893 2524 si

371 2552 555 2606 quaeris,
599 2552 823 2607 nequimus
869 2568 962 2594 cum
1007 2553 1083 2594 illa
1128 2553 1214 2594 sint
1259 2553 1485 2595 admodum
1531 2568 1666 2608 pauca
1710 2557 1754 2595 et
1797 2569 1893 2596 rara

370 2637 505 2677 neque
538 2638 682 2664 earum
714 2639 855 2665 rerum
888 2624 1069 2666 historia
1101 2624 1229 2665 certis
1262 2626 1430 2665 constet
1460 2624 1666 2666 terminis.

488 2694 709 2736 Postremo
726 2695 935 2749 siquidem
957 2710 1025 2736 ars
1047 2695 1328 2750 grammatica
1343 2688 1588 2736 continetur
1603 2695 1730 2736 etiam
1751 2709 1891 2736 emen-

372 2765 543 2806 datione
583 2768 625 2806 et
663 2766 1018 2820 interpretatione
1058 2767 1335 2821 scriptorum,
1374 2766 1418 2807 in
1456 2765 1628 2807 Medeae
1667 2765 1891 2807 Ennianae

373 2836 546 2877 exordio
580 2836 621 2877 ll.
649 2838 717 2891 22,
743 2838 799 2879 34
833 2838 1016 2879 dilucide
1051 2840 1229 2892 apparet
1255 2852 1382 2892 quam
1416 2837 1540 2879 malis
1574 2837 1890 2890 exemplaribus

375 2907 440 2946 usi
475 2907 561 2947 sint
592 2907 749 2949 Romae
776 2911 875 2950 ante
901 2908 956 2949 M.
984 2908 1190 2950 Varronis
1223 2909 1365 2950 studia
1393 2908 1615 2962 philologa
1647 2907 1692 2947 in
1724 2909 1891 2948 ueteres
