2003 3116
685 158 870 190 PROLEG
877 157 1054 191 OMENA.
1548 155 1628 195 107

105 282 224 310 casse
262 267 476 309 iudicatus
514 266 613 321 erit,
651 268 698 308 ut
737 266 772 307 is
811 264 1043 308 obuolutus
1082 266 1126 307 et
1157 263 1376 319 obligatus
1413 264 1527 306 corio
1561 264 1629 305 de-

107 338 290 380 uehatur
338 338 383 379 in
432 337 729 392 profluentem.
790 336 849 378 Et
893 336 980 378 lex:
1030 335 1340 391 paterfamilias
1391 336 1455 378 uti
1505 349 1630 390 super

106 409 270 451 familia
294 409 531 465 pecuniaue
557 423 635 451 sua
660 408 884 464 legauerit‚
909 408 972 449 ita
995 407 1062 449 ius
1083 409 1187 449 esto.
1231 405 1290 448 Et
1314 406 1400 447 lex:
1428 406 1463 448 si
1487 407 1630 461 pater-

107 480 298 522 familias
330 480 537 522 intestato
563 480 759 535 moritur,
790 479 954 520 familia
985 478 1248 533 pecuniaque
1275 477 1364 519 eius
1398 477 1630 533 adgnatum

108 551 336 607 gentilium
367 553 472 593 esto.
523 550 750 592 Malleolus
784 549 994 592 iudicatus
1028 551 1094 591 est
1126 551 1307 590 matrem
1339 562 1525 592 necasse.
1575 549 1630 590 Ei

107 623 308 664 damnato
349 621 496 664 statim
534 622 726 663 folliculo
766 621 915 676 lupino
949 634 996 662 os
1029 619 1283 661 obuolutum
1317 621 1382 661 est
1415 622 1462 669 et⁴
1488 620 1631 663 soleae

107 693 276 749 ligneae
313 693 358 735 in
395 692 575 747 pedibus
619 691 819 734 inductae
863 693 975 733 sunt:
1025 691 1071 732 in
1111 704 1324 732 carcerem
1365 690 1518 732 ductus
1556 693 1634 732 est.

108 764 191 814 Qui
229 763 514 806 defendebant
553 778 667 819 eum,
704 763 873 805 tabulas
914 763 959 804 in
998 776 1209 804 carcerem
1249 761 1465 813 adferunt,
1506 764 1635 803 testa-

109 837 302 877 mentum
338 835 434 889 ipso
472 837 698 890 praesente
737 834 1033 889 conscribunt,
1071 834 1207 875 testes
1240 835 1355 875 recte
1389 832 1636 888 adfuerunt3

109 907 159 948 de
185 907 259 948 illo
286 906 540 961 supplicium
568 906 761 948 sumitur.
813 904 861 956 Ii,
896 906 967 959 qui
999 904 1174 946 heredes
1206 906 1329 945 erant
1360 906 1635 958 testamento,

110 977 391 1019 hereditatem
412 978 581 1019 adeunt.
624 977 776 1018 Frater
802 976 942 1018 minor
961 975 1164 1027 Malleoli,
1195 976 1268 1030 qui
1295 990 1390 1017 eum
1418 975 1636 1030 obpugna-

114 1052 236 1091 uerat
255 1049 299 1090 in
320 1049 409 1090 eius
435 1049 636 1104 periculo,
663 1063 783 1090 suam
810 1050 938 1089 uocat
957 1047 1240 1089 hereditatem
1268 1047 1360 1101 lege
1383 1046 1636 1101 agnationis,

111 1121 131 1162 Ι
161 1120 226 1174 13,
252 1120 308 1162 23
342 1117 473 1176 (anno
508 1117 726 1176 653s101).

231 1191 394 1234 Eadem
434 1192 726 1234 controuersia
756 1191 1012 1246 proponitur
1044 1190 1155 1244 apud
1189 1189 1272 1231 Cic.
1306 1189 1355 1230 de
1387 1190 1473 1232 inu.
1500 1188 1543 1229 Π
1570 1190 1638 1243 50,

115 1264 211 1318 148,
242 1262 314 1304 ubi
341 1277 426 1304 non
453 1266 659 1317 quattuor
685 1263 759 1304 sed
785 1266 870 1304 tres
897 1261 1199 1304 tantummodo
1233 1262 1348 1316 leges
1382 1260 1639 1315 expositioni

114 1335 448 1389 anteponuntur:
483 1337 628 1376 errant
654 1336 811 1389 tamen,
844 1334 916 1389 qui
949 1348 1042 1374 eam
1074 1333 1213 1387 legem
1245 1346 1352 1386 quae
1386 1332 1498 1387 apud
1526 1330 1638 1373 Cice-

115 1421 263 1448 ronem
301 1420 387 1447 non
419 1405 637 1447 inuenitur
668 1406 710 1447 in
745 1405 958 1447 rhetorica
991 1405 1042 1446 ad
1075 1403 1175 1445 Her.
1206 1403 1515 1458 interpolatam
1547 1418 1639 1445 esse

114 1477 391 1520 arbitrantur.
452 1475 572 1518 Haec
610 1477 904 1518 controuersia
943 1491 991 1517 ea
1024 1491 1069 1517 re
1109 1475 1299 1517 omnium
1339 1475 1524 1516 maxime
1556 1489 1639 1516 me-

115 1548 321 1590 moranda
359 1550 403 1590 et
441 1547 750 1590 consideranda
789 1562 882 1589 esse
923 1546 1111 1600 uidetur,
1149 1546 1260 1601 quod
1298 1546 1444 1587 eadem
1476 1545 1641 1587 ratione

114 1619 354 1673 composita
379 1622 444 1661 est
469 1634 553 1675 qua
581 1619 740 1661 similes
769 1617 953 1660 Senecae
975 1617 1226 1667 Quintiliani
1250 1616 1471 1672 Calpurnii
1498 1616 1640 1659 Flacci

115 1691 465 1732 declamationes:
511 1690 620 1733 conf.
659 1689 820 1732 Seneca
865 1692 1057 1732 controu.
1094 1689 1156 1730 IX
1189 1691 1214 1731 3
1248 1687 1361 1746 (26):
1412 1688 1509 1730 ‘Per
1554 1689 1641 1729 uim

115 1764 357 1816 metumque
390 1764 513 1817 gesta
545 1776 597 1803 ne
631 1762 717 1803 sint
749 1764 853 1804 rata.
914 1761 1047 1803 Pacta
1080 1763 1294 1802 conuenta
1325 1759 1493 1815 legibus
1526 1759 1641 1801 facta

115 1836 212 1875 rata
238 1833 334 1875 sint.
384 1832 645 1888 Expositum
673 1833 746 1888 qui
774 1832 1003 1888 agnouerit
1030 1831 1180 1873 solutis
1207 1831 1427 1872 alimentis
1448 1831 1641 1885 recipiat.

117 1904 298 1954 Quidam
325 1904 430 1946 duos
458 1905 585 1946 filios'
614 1920 648 1946 e.
670 1920 706 1960 q.
730 1920 761 1946 s,
814 1904 988 1953 Quintil.
1009 1903 1186 1945 declam.
1206 1902 1308 1944 min.
1329 1902 1413 1944 359
1442 1902 1641 1957 Calpurn.

118 1975 253 2018 Flacc.
286 1976 351 2017 14.
382 1976 446 2018 15.
509 1974 591 2017 Sed
624 1974 784 2018 Seneca
817 1975 1110 2024 Quintilianus
1142 1972 1401 2027 Calpurnius
1434 1973 1641 2015 uocabula

118 2048 181 2090 lex
212 2047 281 2090 uel
311 2050 348 2088 εί
379 2047 442 2089 lex
475 2047 700 2089 omittunt:
733 2046 846 2101 quod
874 2045 1058 2100 scriptor
1090 2044 1143 2086 ad
1170 2044 1269 2085 Her.
1297 2047 1338 2085 et
1365 2043 1514 2086 Cicero
1549 2058 1641 2085 cum

116 2120 382 2174 praeponant
416 2118 562 2173 legum
595 2118 756 2173 uerbis,
795 2117 927 2159 secuti
961 2119 1061 2158 sunt
1104 2118 1249 2169 aperte
1283 2115 1543 2156 Graecorum
1577 2114 1642 2155 de-

118 2189 400 2230 clamatorum
450 2189 678 2231 rationem:
737 2188 845 2230 conf.
891 2187 1072 2248 Sopater
1117 2186 1193 2228 RG
1237 2185 1345 2226 VIII
1385 2201 1422 2240 p.
1457 2186 1542 2227 362
1570 2184 1643 2226 W:

119 2260 287 2315 Νόμος·
328 2260 406 2302 τὸν
446 2260 716 2315 βιασάμενον
754 2261 892 2315 κόρην
931 2259 1107 2300 διδόναι
1145 2258 1297 2312 χιλίας.
1362 2255 1450 2298 Καὶ
1489 2257 1642 2311 νόμος·

116 2332 258 2382 αἰτίας
300 2331 503 2373 θανάτου
548 2331 759 2373 δίδοσθαι
798 2331 934 2380 δίκας.
998 2330 1150 2384 Κόρην
1188 2343 1253 2377 τις
1288 2331 1378 2370 κτλ.
1439 2327 1643 2370 Eiusdem

120 2401 293 2458 Sopatri
320 2403 548 2445 adferenda
574 2403 657 2445 erit
682 2403 822 2458 prima
848 2400 1154 2454 controuersia,
1181 2414 1263 2454 quo
1291 2399 1449 2441 rectius
1471 2399 1645 2441 nomina

119 2475 474 2517 constitutionum
508 2475 619 2529 apud
653 2474 905 2529 scriptorem
938 2472 990 2514 ad
1020 2470 1122 2512 Her.
1147 2470 1168 2511 I
1198 2472 1263 2525 11,
1288 2471 1353 2512 19.
1389 2472 1454 2526 12,
1475 2471 1542 2512 20.
1581 2472 1644 2523 13,

120 2546 176 2588 23
208 2546 254 2586 in
285 2545 369 2586 fine
401 2545 607 2587 thematis
640 2545 786 2587 addita
818 2543 1126 2597 intellegantur
1158 2541 1236 2583 RG
1262 2542 1290 2582 l.
1318 2556 1349 2583 s.
1375 2557 1414 2595 p.
1442 2542 1486 2582 2:
1522 2541 1645 2582 Μετὰ

120 2617 172 2658 τὰ
202 2616 310 2658 κατὰ
343 2616 534 2666 Κύζικον
561 2613 838 2670 Ἀλκιβιάδης
875 2615 1053 2668 αἰτήσας
1091 2613 1295 2669 φρουρὰν
1335 2618 1415 2653 τοῦ
1448 2612 1646 2667 σώματος

121 2690 313 2743 κρίνεται
350 2687 617 2743 τυραννίδος
654 2685 904 2735 ἐπιθέσεως.
966 2683 1225 2738 Στοχασμὸς
1265 2682 1441 2732 ἁπλοῦς.
1507 2682 1645 2724 Simili

122 2759 247 2801 modo
286 2773 443 2800 nomen
480 2757 802 2800 constitutionis
842 2756 1054 2798 adiectum
1096 2757 1161 2796 est
1200 2754 1383 2796 themati
1424 2753 1488 2795 illi
1532 2754 1646 2809 quod

124 2830 238 2871 infra
269 2831 524 2885 proponitur
556 2827 638 2886 (8>:
671 2828 780 2871 conf.
806 2842 935 2882 supra
960 2842 997 2882 p.
1026 2826 1093 2868 94.
1144 2824 1469 2868 Controuersias
1502 2828 1645 2867 autem

122 2901 218 2942 illas
252 2901 516 2955 a‘scriptore
552 2900 748 2942 laudatas
779 2914 866 2941 non
898 2897 1025 2941 modo
1057 2897 1241 2953 exempli
1272 2897 1366 2939 loco
1397 2897 1643 2952 propositas
