2003 3116
363 196 418 237 48
931 194 1117 226 PROLEG
1123 194 1296 227 OMENA.

359 305 492 356 facere
524 303 726 357 scriptum
760 300 890 341 fuisse
929 300 1224 342 demonstrant
1255 300 1524 354 apographa,
1562 301 1631 355 47,
1659 301 1715 342 60
1746 301 1882 354 qualis

362 374 555 414 euaderet.

480 441 750 482 Difficillima
788 443 931 482 autem
970 441 1162 496 quaestio
1202 456 1314 483 nunc
1352 442 1545 483 oboritur
1579 442 1628 482 de
1669 443 1881 496 praeposi—

362 513 551 553 tionibus
584 513 629 553 in
661 514 842 566 utraque
875 512 1121 553 recensione
1155 512 1272 554 codd.
1299 515 1340 553 et
1372 513 1415 554 in
1448 512 1628 568 singulis
1661 513 1882 567 utriusque

362 583 622 624 recensionis
656 582 776 624 codd.
809 585 883 624 aut
915 583 1070 624 additis
1107 585 1181 624 aut
1213 583 1414 625 detractis
1448 587 1521 625 aut
1552 584 1663 624 inter
1696 598 1739 624 se
1773 598 1883 625 com-

362 653 549 694 mutatis.
611 653 759 695 Veluti
797 654 842 695 in
881 668 965 695 uno
1004 654 1094 696 cod.
1126 653 1168 694 H
1208 655 1241 695 si
1291 655 1591 696 obseruaueris
1636 658 1740 709 quot
1776 654 1882 696 locis

363 725 705 780 praepositiones
745 727 819 765 aut
852 725 1038 766 omissae
1072 727 1147 766 aut
1179 728 1467 767 commutatae
1501 725 1605 779 sint,
1638 740 1724 767 non
1756 726 1882 766 mira-

361 796 473 836 beris
505 796 615 837 hanc
647 796 943 851 quaestionem
976 796 1112 837 multo
1147 797 1337 837 omnium
1379 796 1461 837 dici
1494 796 1808 838 difficillimam:
1846 797 1882 837 is

360 867 494 908 codex
532 866 663 908 habet
700 867 854 908 uitiose
886 866 951 907 ΙΙΙ
983 866 1029 920 5,
1057 867 1081 908 8
1122 867 1266 908 locarit
1303 880 1378 920 pro
1417 866 1653 917 conlocarit,
1696 867 1751 908 [V
1788 869 1824 920 1,
1858 870 1878 908 1

359 938 598 991 scripsimus
635 953 713 992 pro
752 938 1082 991 conscripsimus,
1121 936 1185 978 III
1223 938 1292 990 12,
1318 937 1374 978 22
1412 938 1639 988 adfirmant
1676 952 1752 992 pro
1791 952 1883 979 con-

359 1011 546 1063 firmant,
584 1009 626 1050 Π
663 1010 714 1051 16
724 1044 733 1063 ,
759 1010 816 1050 24
851 1009 1030 1062 defertur
1062 1024 1138 1063 pro
1170 1008 1386 1062 confertur,
1425 1008 1488 1049 IV
1525 1010 1590 1059 17,
1615 1010 1672 1051 24
1703 1010 1883 1051 discessit

359 1095 437 1134 pro
468 1081 637 1122 recessit.
687 1079 849 1121 Eadem
878 1094 983 1134 quae
1011 1079 1051 1120 H
1078 1080 1161 1120 iam
1191 1079 1280 1121 cod.
1305 1085 1351 1120 M
1377 1079 1577 1121 librarius
1610 1081 1883 1122 commiserat

361 1153 468 1193 uitia
501 1153 571 1206 qui
601 1151 802 1192 habuerit
828 1151 871 1192 II
901 1153 936 1205 1,
965 1152 987 1192 1
1022 1166 1099 1206 pro
1131 1151 1484 1192 conscriberemus:
1514 1151 1787 1202 scriberemus,
1819 1151 1882 1191 IV

361 1224 430 1275 28,
452 1223 506 1264 38
534 1237 610 1276 pro
637 1223 1017 1264 commiserationis:
1052 1222 1340 1275 miserationis,
1366 1222 1434 1275 51,
1455 1223 1512 1263 64
1537 1237 1615 1276 pro
1639 1226 1882 1276 corroyccret:

362 1297 537 1347 royaret,
574 1292 617 1334 Π
650 1294 721 1344 24,
747 1294 801 1335 38
838 1308 913 1348 pro
946 1294 1218 1346 confirmatio:
1259 1294 1513 1348 adfirmatio,
1550 1293 1613 1334 IV
1645 1294 1683 1346 8,
1712 1294 1766 1334 12
1805 1309 1881 1348 pro

360 1366 601 1419 cxcogsitare:
627 1366 810 1419 eoyitare,
842 1364 908 1405 ΠΙ
931 1365 997 1419 11,
1019 1365 1074 1405 20
1100 1379 1176 1418 pro
1204 1365 1391 1418 aclauyct:
1418 1368 1552 1418 auyet:
1580 1365 1727 1406 eadem
1754 1365 1881 1406 libra-

360 1437 448 1477 rius
474 1437 542 1477 uel
570 1450 768 1477 recensor
795 1436 884 1477 cod.
911 1443 965 1490 E,
998 1435 1070 1490 qui
1103 1436 1168 1476 bis
1201 1434 1262 1476 IV
1297 1436 1370 1489 20,
1397 1436 1465 1477 28.
1497 1436 1572 1483 38,
1600 1436 1657 1477 50
1689 1436 1734 1477 in
1765 1450 1882 1490 prae-

361 1508 576 1561 positione
608 1511 708 1562 post
740 1508 867 1549 inesse
899 1507 1040 1548 deleta
1071 1506 1262 1548 datiuum
1291 1507 1500 1561 restituit,
1532 1507 1595 1548 IV
1622 1507 1688 1561 25,
1715 1507 1770 1548 34
1806 1522 1882 1562 pro

359 1593 618 1620 conscensum
668 1579 818 1620 scribit
866 1592 1097 1632 ascensum,
1148 1577 1188 1618 ΙΙ
1234 1578 1308 1632 24,
1347 1578 1400 1618 37
1454 1592 1532 1631 pro
1581 1579 1882 1631 conflictantur:

360 1650 630 1705 afflictantur,
669 1665 747 1704 pro
780 1650 968 1691 adtulisti
1000 1650 1065 1690 bis
1098 1649 1278 1690 intulisti
1308 1648 1371 1689 IV
1406 1650 1472 1703 13,
1502 1649 1566 1690 19.
1604 1649 1672 1702 28,
1699 1649 1766 1699 38,
1805 1664 1881 1703 pro

360 1722 521 1773 adferre
559 1721 625 1762 bis
658 1721 844 1775 proferre
881 1720 924 1761 II
959 1722 1002 1774 8,
1038 1722 1092 1761 12
1130 1719 1192 1760 IV
1225 1720 1267 1773 6,
1295 1720 1342 1773 9,
1386 1735 1462 1774 pro
1500 1720 1664 1772 referri:
1708 1719 1883 1771 conferri

361 1791 423 1832 III
457 1793 497 1846 3,
523 1793 561 1845 4,
593 1807 670 1847 pro
703 1793 909 1834 deductus:
942 1793 1131 1833 inductus
1161 1790 1203 1831 Π
1233 1792 1300 1844 25,
1328 1791 1395 1845 39,
1427 1806 1505 1845 pro
1537 1794 1761 1832 remancat:
1787 1805 1883 1844 per-

359 1867 526 1905 maneat
556 1863 619 1905 III
647 1865 686 1916 2,
712 1864 758 1917 2,
791 1878 867 1917 pro
899 1864 1159 1905 discerwzitM:
1191 1863 1412 1904 secernitur
1444 1864 1487 1915 2,
1515 1863 1560 1904 3:
1592 1862 1701 1903 idem
1729 1863 1881 1903 uitium

363 1935 449 1975 iam
477 1935 694 1976 commisit
722 1935 921 1975 librarius
949 1934 1167 1989 archetypi
1189 1934 1391 1988 omnium,
1419 1934 1627 1988 siquidem
1649 1933 1880 1974 Lambinus

362 2005 403 2045 Π
433 2007 499 2057 13,
526 2007 583 2047 20
616 2009 728 2047 recte
767 2007 959 2047 restituit
992 2021 1069 2060 pro
1099 2006 1372 2059 proferemus:
1409 2005 1668 2057 conferemus.
1720 2004 1882 2045 Tamen

364 2091 460 2117 cum
486 2091 661 2130 perraro
694 2077 857 2119 factum
890 2078 946 2118 sit
977 2080 1023 2118 ut
1055 2077 1171 2118 codd.
1197 2084 1231 2117 E
1264 2076 1630 2131 praepositionem
1665 2076 1880 2129 omittant,

362 2148 612 2202 saepissime
644 2148 688 2189 in
719 2155 765 2189 M
796 2151 908 2190 recte
941 2149 1146 2190 omissam
1180 2147 1436 2189 addiderunt
1469 2162 1551 2202 quo
1586 2148 1722 2200 magis
1750 2161 1880 2187 enun—

362 2220 517 2260 tiatum
545 2235 569 2260 a
602 2220 753 2274 quouis
787 2220 912 2261 facile
945 2220 1232 2274 intellegatur.
1283 2218 1396 2260 Nam
1430 2219 1541 2274 quod
1574 2217 1637 2259 ΙΙΙ
1663 2218 1731 2272 24,
1757 2219 1814 2259 40
1845 2224 1879 2258 Ε

361 2291 523 2332 habent
554 2290 722 2341 hortari,
755 2305 849 2332 cum
875 2298 921 2333 M
953 2290 1151 2332 habuerit
1183 2290 1406 2344 adhortari,
1438 2290 1480 2331 id
1512 2292 1624 2331 recte
1659 2304 1707 2330 ex
1740 2293 1881 2331 aucto-

362 2361 490 2402 ritate
523 2361 681 2402 codicis
714 2361 829 2402 illius
862 2360 1021 2415 integri
1055 2361 1263 2414 scriptum
1302 2375 1394 2402 esse
1426 2375 1521 2402 cum
1553 2361 1647 2414 ipsa
1678 2360 1752 2401 illa
1785 2375 1881 2402 con·

364 2431 586 2473 suetudine
626 2432 743 2473 codd.
775 2439 810 2472 Ε
853 2432 1060 2473 adductus
1100 2446 1249 2473 censeo
1291 2434 1382 2472 tum
1422 2431 1534 2482 ideo,
1575 2431 1687 2486 quod
1724 2431 1880 2472 hortari

363 2503 579 2544 inuenitur
610 2501 653 2542 ΙΙ
689 2502 754 2556 19,
781 2503 856 2558 28,
887 2502 1102 2544 adhortari
1133 2517 1354 2556 nusquam.
1416 2501 1630 2543 Nimirum
1664 2504 1879 2543 auctorem

362 2573 622 2615 recensionis
649 2580 683 2613 Ε
710 2587 935 2615 consuesse
962 2574 1093 2614 uerba
1120 2572 1511 2628 praepositionibus
1539 2573 1695 2613 additis
1722 2587 1877 2628 augere

364 2660 451 2686 non
483 2645 671 2685 minuere
705 2644 906 2686 detractis
940 2644 1086 2685 multis
1118 2644 1221 2686 locis
1255 2646 1435 2699 apparet
1466 2644 1600 2685 ueluti
1632 2659 1708 2698 pro
1745 2644 1880 2684 mittat

363 2716 428 2756 bis
473 2716 618 2770 posuit
661 2717 816 2757 emittat
854 2715 917 2756 IV
949 2717 1018 2770 47,
1046 2716 1113 2757 60.
1169 2716 1243 2769 53,
1271 2715 1345 2769 66,
1390 2730 1466 2769 pro
1513 2715 1596 2768 cepi
1639 2714 1704 2755 bis
1748 2716 1879 2767 accqn'

363 2788 437 2840 23,
463 2787 530 2827 33.
564 2787 632 2840 27,
659 2787 726 2840 37,
758 2801 835 2840 pro
866 2788 995 2829 uenit:
1034 2788 1194 2828 obucnit
1231 2787 1304 2840 23,
1331 2787 1405 2837 33,
1444 2801 1520 2840 pro
1557 2785 1727 2827 uenerit:
1765 2786 1877 2826 deue-

363 2859 470 2898 ncrit
499 2857 539 2897 ΙΙ
575 2857 645 2912 15,
672 2859 739 2910 22,
777 2873 854 2912 pro
890 2872 985 2899 csse:
1019 2859 1146 2899 inesse
1177 2857 1240 2898 ΙΙΙ
1277 2857 1348 2911 15,
1386 2858 1455 2911 26,
1487 2871 1564 2911 pro
1596 2856 1760 2897 multos:
1786 2870 1879 2909 per-

364 2928 510 2969 multos
535 2927 595 2968 IV
620 2929 685 2981 16,
705 2929 773 2983 23,
799 2943 876 2982 pro
895 2942 1122 2981 sequemur:
1139 2942 1427 2982 persequemur
1445 2927 1465 2968 I
1486 2928 1524 2979 9,
1543 2927 1605 2980 15,
1632 2941 1709 2980 pro
1728 2930 1878 2979 petere:
