2003 3116
330 107 344 147 1
357 106 412 146 32
901 103 1267 135 PROLEGOMENA.

447 213 511 254 Ad
550 212 659 252 idem
699 210 805 251 illud
842 212 1011 262 tempus
1044 208 1292 262 delegamur
1325 207 1360 248 si
1396 207 1588 261 exempla
1621 210 1843 261 poetarum

327 287 371 326 in
404 284 522 325 uitiis
550 282 683 323 allata
714 281 757 321 in
782 278 997 320 rhetorica
1023 277 1075 319 ad
1102 277 1203 319 Her.
1229 291 1540 332 percensemus.
1590 277 1847 333 Praeceptor

259 391 265 397 ,
325 356 396 396 1113
417 354 554 395 tribus
575 353 801 394 contentus
820 349 904 391 fuit
923 349 1082 403 poetis:
1104 348 1258 391 Plauto
1278 347 1420 389 Ennio
1446 347 1646 390 Pacuuio.
1691 348 1848 390 Teren-

326 426 434 465 tium
460 438 586 479 quem
607 421 756 464 Cicero
782 421 930 463 laudat
956 421 1029 462 ille
1056 435 1266 475 nusquam
1294 420 1500 471 nominat,
1526 421 1676 460 neuter
1694 419 1849 461 Lucilii

326 497 400 537 aut
432 494 549 535 Accii
582 508 730 535 uersus
758 492 968 546 adhibuit,
1000 491 1168 532 etiamsi
1202 494 1429 546 utrumque
1461 492 1635 544 poetam
1668 504 1847 532 comme-

326 568 464 608 moret
496 565 679 620 scriptor
711 565 761 605 ad
790 564 888 605 Her.
916 563 936 604 I
966 563 1031 616 14,
1057 563 1114 604 24
1144 561 1186 604 II
1216 563 1281 616 13,
1310 562 1376 616 19,
1409 562 1481 616 qui
1507 563 1651 602 tamen
1678 560 1738 602 IV
1760 561 1800 616 4,
1825 562 1847 602 ’ἶ

326 637 626 679 tantummodo
647 635 891 690 tragoedias
906 634 1036 676 Ennii
1058 636 1101 676 et
1114 633 1382 675 Pacuuianas
1402 632 1558 674 laudet.
1591 632 1850 688 Fragmenta

326 711 551 763 poetarum
595 722 673 749 nos
713 722 800 749 non
840 705 1161 761 expectabimus
1199 704 1383 746 inueniri
1422 703 1505 745 nisi
1537 703 1580 744 in
1620 704 1738 744 uitiis
1779 703 1849 744 ad-

326 780 483 821 hibita:
526 794 656 834 quare
688 794 859 820 uersum
898 778 1019 819 illum
1051 776 1116 817 III
1143 777 1217 830 21,
1244 776 1300 818 34
1334 774 1434 816 ‘iam
1467 774 1638 816 domum
1672 774 1848 815 itionem

326 864 448 906 reges
482 851 658 892 Atridae
694 848 870 904 parant'
906 864 930 890 a
961 848 1131 889 rhetore
1164 848 1258 901 ipso
1291 846 1519 888 confictum
1553 859 1643 886 esse
1676 859 1849 886 necesse

326 924 392 963 est
430 921 479 963 de
517 936 600 977 quo
641 921 725 963 alio
766 922 1021 976 argumento
1055 918 1259 960 adductus
1300 917 1411 958 idem
1455 916 1608 957 statuit
1639 915 1851 957 Lucianus

325 993 559 1034 Muellerus
582 993 631 1033 de
653 1007 695 1033 re
712 995 831 1034 metr.
846 1008 884 1046 p.
901 991 999 1033 429.
1035 990 1176 1045 Atque
1198 989 1240 1030 in
1256 989 1316 1030 eis
1331 987 1583 1042 fragmentis
1606 1001 1713 1041 quae
1727 986 1850 1040 1126,

326 1065 383 1106 42
410 1065 614 1119 leguntur
634 1064 779 1105 Aiacis
806 1063 880 1104 illa
906 1062 1031 1117 ῥῆσις
1056 1061 1137 1102 hac
1163 1061 1212 1101 de
1241 1074 1368 1101 causa
1388 1058 1575 1100 Pacuuio
1597 1057 1851 1099 uindicanda

327 1136 579 1190 praesertim
604 1150 696 1176 cum
722 1133 978 1176 uocabulum
1002 1132 1123 1173 dictio
1147 1130 1317 1185 proprie
1340 1128 1627 1170 Pacuuianum
1649 1129 1706 1169 sit
1721 1126 1849 1183 (TRF

327 1208 365 1249 5.
391 1207 487 1249 150.
508 1205 626 1262 308).
672 1205 837 1247 Summi
867 1203 1016 1244 deinde
1044 1202 1249 1244 momenti
1276 1201 1357 1242 iria
1385 1201 1460 1241 illa
1488 1202 1586 1241 sunt
1611 1199 1852 1254 fragmenta

329 1279 485 1333 quibus
513 1277 695 1319 exerceri
719 1276 937 1318 studiosos
957 1274 1089 1315 tradit
1107 1273 1148 1314 II
1171 1273 1239 1327 24,
1259 1272 1314 1313 38
1343 1271 1395 1312 ad
1417 1270 1695 1312 dilemmaton
1719 1270 1851 1311 scien-

330 1351 435 1391 tiam
471 1348 739 1391 ediscendam
773 1361 880 1401 quae
913 1344 1169 1398 Cresphonti
1197 1342 1327 1384 Ennii
1361 1342 1500 1383 solent
1522 1341 1717 1383 adtribui.
1756 1340 1851 1396 Ego

330 1436 416 1462 non
446 1421 584 1463 solum
605 1419 791 1461 arbitror
810 1415 1095 1459 Ribbeckium
1116 1416 1228 1456 recte
1250 1413 1454 1455 statuisse
1475 1411 1586 1454 TRF
1608 1428 1648 1467 p.
1669 1413 1724 1454 29
1747 1413 1850 1453 alte-

330 1507 433 1533 rum
454 1491 559 1533 illud
586 1491 877 1545 fragmentum
898 1487 1032 1539 Nulla
1059 1490 1094 1528 tc
1120 1486 1292 1538 indi-qna
1312 1484 1494 1525 rhetoris
1522 1498 1613 1525 3333
1640 1497 1852 1526 commen—

329 1566 439 1617 tum,
473 1563 544 1604 sed
573 1576 720 1603 omnes
751 1561 850 1601 illos
877 1573 1025 1600 uersus
1053 1558 1158 1598 satis
1191 1555 1372 1612 frigidos
1413 1570 1461 1596 ex
1495 1554 1669 1596 Graecis
1701 1569 1852 1596 censeo

329 1635 566 1675 translatos
599 1635 641 1674 et
672 1631 890 1687 profectos
921 1644 1013 1671 esse
1040 1644 1089 1671 ex
1117 1627 1299 1669 rhetoris
1333 1626 1551 1668 cuiusdam
1583 1624 1736 1667 Graeci
1762 1626 1852 1668 offi-

331 1705 439 1761 cina,
466 1704 537 1759 qui
570 1703 801 1757 discipulos
836 1716 935 1743 suos
969 1701 1020 1742 ad
1049 1699 1266 1754 Euripidis
1289 1697 1603 1753 Cresphontem
1630 1699 1854 1739 exerceret.

330 1776 396 1817 Ea
415 1788 580 1830 quoque
607 1788 674 1815 res
700 1788 779 1815 nos
801 1772 973 1813 deducit
1005 1771 1055 1812 ad
1082 1770 1236 1812 Lucilii
1263 1770 1349 1811 fere
1377 1771 1560 1810 aetatem
1590 1769 1662 1823 qui
1689 1767 1852 1810 Graeco

333 1847 476 1901 aliquo
498 1848 671 1887 auctore
698 1859 799 1885 usus
827 1843 903 1884 illa
929 1842 1251 1896 enthymemata
1277 1840 1495 1894 Euripidis
1521 1840 1564 1880 in
1586 1839 1852 1893 Cresphonte

332 1918 475 1971 posita
497 1918 546 1958 ut
565 1916 692 1957 nimis
716 1917 869 1971 arguta
891 1913 1124 1968 castigauit
1143 1913 1185 1953 in
1202 1912 1358 1953 saturis
1372 1913 1482 1952 teste
1505 1909 1644 1951 Gellio
1661 1910 1720 1951 VI
1735 1911 1773 1964 3,
1786 1910 1854 1952 28.

450 1987 664 2029 Nimirum
696 2001 845 2028 uersus
878 1986 949 2026 1113
981 1984 1046 2025 bis
1078 1984 1139 2025 ita
1171 1983 1356 2024 traditus
1388 1982 1517 2023 ‘Nam
1550 1982 1586 2022 si
1624 1981 1853 2036 inprobum

334 2074 426 2101 esse
459 2058 770 2112 Chrespontem
803 2053 1039 2098 existimas'
1077 2054 1263 2096 admisso
1296 2054 1417 2094 hiatu
1450 2052 1695 2094 foedissimo
1729 2067 1854 2107 quem

334 2131 400 2172 bis
434 2145 458 2171 a
489 2129 663 2171 librario
697 2129 741 2169 in
775 2127 920 2169 eodem
948 2141 1075 2167 uersu
1106 2125 1381 2167 commissum
1415 2137 1507 2164 esse
1540 2122 1650 2164 credi
1681 2122 1855 2163 minime

335 2203 479 2256 potest
503 2215 580 2241 1130
605 2213 685 2241 1103
711 2200 873 2240 inserto
900 2201 943 2239 tu
968 2197 1179 2239 uocabulo
1207 2196 1357 2238 tollere
1385 2194 1635 2248 studuimus,
1662 2193 1733 2234 ille
1760 2193 1854 2235 (11οο

336 2286 484 2312 uersus
517 2286 601 2312 non
634 2272 858 2324 poetarum
891 2271 1083 2310 ueterum
1116 2270 1253 2308 artem
1286 2266 1448 2307 redolet
1480 2265 1553 2306 sed
1585 2264 1683 2305 talis
1717 2277 1855 2319 gram-

336 2342 482 2383 matici
522 2342 760 2383 doctrinam
795 2340 964 2395 qualem
1004 2339 1077 2380 ille
1116 2338 1289 2379 exhibet
1323 2331 1446 2391 quem
1481 2334 1628 2377 Cicero
1662 2334 1856 2389 sequitur

337 2427 395 2454 or.
421 2412 496 2466 45,
526 2411 609 2453 152
647 2411 719 2466 qui
756 2410 878 2452 libris
917 2411 1140 2464 poetarum
1181 2408 1292 2449 male
1330 2421 1432 2448 usus
1471 2420 1544 2447 eos
1587 2405 1686 2446 ferri
1728 2419 1855 2459 posse

338 2482 551 2525 censuerit
587 2480 750 2534 hiatus,
791 2494 897 2534 quos
934 2479 1097 2521 librarii
1139 2478 1448 2532 commiserint,
1491 2479 1644 2532 poetae
1687 2478 1854 2517 ueteres

338 2570 422 2597 non
455 2552 759 2596 commiserint.
820 2551 971 2604 Itaque
1003 2564 1152 2591 uersus
1185 2550 1250 2590 illi
1283 2563 1430 2591 omnes
1464 2547 1610 2590 eodem
1641 2533 1769 2601 pacto
1803 2545 1854 2586 ad

338 2625 470 2667 Ennii
514 2623 823 2679 Cresphontem
868 2622 1085 2677 pertinent
1130 2636 1213 2676 quo
1257 2621 1547 2676 fragmentum
1595 2617 1699 2659 illud
1744 2617 1853 2671 apud

339 2696 581 2738 Nauckium
614 2693 742 2737 TGrF‘2
775 2710 813 2748 p.
840 2693 924 2739 666
959 2693 1012 2734 3(1
1045 2692 1265 2747 Euripidis
1298 2691 1628 2746 Cresphontem,
1667 2702 1759 2729 cum
1799 2688 1856 2728 sit

341 2768 458 2809 iussu
483 2765 684 2822 magistri
714 2765 831 2806 facta
858 2780 882 2805 a
907 2779 1037 2819 puero
1066 2764 1209 2819 aliquo
1235 2763 1503 2819 μετάφρασις
1528 2759 1681 2815 tragici
1710 2758 1856 2812 Attici,

342 2852 423 2892 quo
456 2839 506 2878 de
539 2851 690 2891 genere
723 2835 1041 2877 exercitationis
1076 2850 1204 2890 supra
1237 2835 1402 2890 egimus
1434 2849 1473 2887 p.
1502 2832 1597 2873 117.
