<?xml version="1.0" encoding="UTF-8"?>
<!DOCTYPE html PUBLIC "-//W3C//DTD XHTML 1.0 Transitional//EN"
    "http://www.w3.org/TR/xhtml1/DTD/xhtml1-transitional.dtd">
<html xmlns="http://www.w3.org/1999/xhtml" xml:lang="en" lang="en">
 <head>
  <title>
</title>
<meta http-equiv="Content-Type" content="text/html;charset=utf-8" />
  <meta name='ocr-system' content='tesseract 3.04.00' />
  <meta name='ocr-capabilities' content='ocr_page ocr_carea ocr_par ocr_line ocrx_word'/>
</head>
<body>
  <div class='ocr_page' id='page_1' title='image "./incertiauctorisd00marxuoft_0082.png"; bbox 0 0 2003 3116; ppageno 0'>
   <div class='ocr_carea' id='block_1_1' title="bbox 389 202 1317 245">
    <p class='ocr_par' dir='ltr' id='par_1_1' title="bbox 389 202 1317 245">
     <span class='ocr_line' id='line_1_1' title="bbox 389 202 1317 245; baseline -0.003 -8"><span class='ocrx_word' id='word_1_1' title='bbox 389 205 443 245; x_wconf 70' lang='grc'>66</span> <span class='ocrx_word' id='word_1_2' title='bbox 950 202 1317 236; x_wconf 85' lang='lat' dir='ltr'>PROLEGOMENA.</span> 
     </span>
    </p>
   </div>
   <div class='ocr_carea' id='block_1_2' title="bbox 385 308 1911 2993">
    <p class='ocr_par' dir='ltr' id='par_1_2' title="bbox 385 308 1911 2993">
     <span class='ocr_line' id='line_1_2' title="bbox 388 308 1900 366; baseline -0.002 -13"><span class='ocrx_word' id='word_1_3' title='bbox 388 312 638 366; x_wconf 86' lang='lat' dir='ltr'>inscriptum</span> <span class='ocrx_word' id='word_1_4' title='bbox 682 324 773 350; x_wconf 87' lang='lat' dir='ltr'>esse</span> <span class='ocrx_word' id='word_1_5' title='bbox 818 324 909 350; x_wconf 89' lang='lat' dir='ltr'>sese</span> <span class='ocrx_word' id='word_1_6' title='bbox 955 309 1169 362; x_wconf 85' lang='lat' dir='ltr'>accepisse</span> <span class='ocrx_word' id='word_1_7' title='bbox 1211 308 1265 348; x_wconf 85' lang='lat' dir='ltr'>ab</span> <span class='ocrx_word' id='word_1_8' title='bbox 1307 308 1419 348; x_wconf 85' lang='lat' dir='ltr'>aliis:</span> <span class='ocrx_word' id='word_1_9' title='bbox 1463 321 1590 361; x_wconf 90' lang='lat' dir='ltr'>quam</span> <span class='ocrx_word' id='word_1_10' title='bbox 1634 309 1678 349; x_wconf 92' lang='lat' dir='ltr'>in</span> <span class='ocrx_word' id='word_1_11' title='bbox 1720 324 1809 350; x_wconf 92' lang='lat' dir='ltr'>rem</span> <span class='ocrx_word' id='word_1_12' title='bbox 1852 311 1900 349; x_wconf 89' lang='lat' dir='ltr'>ut</span> 
     </span>
     <span class='ocr_line' id='line_1_3' title="bbox 388 377 1901 434; baseline -0.001 -12"><span class='ocrx_word' id='word_1_13' title='bbox 388 381 625 423; x_wconf 69' lang='lat' dir='ltr'>accuratius</span> <span class='ocrx_word' id='word_1_14' title='bbox 653 379 916 434; x_wconf 84' lang='lat' dir='ltr'>inquiramus</span> <span class='ocrx_word' id='word_1_15' title='bbox 944 393 1022 420; x_wconf 89' lang='lat' dir='ltr'>nos</span> <span class='ocrx_word' id='word_1_16' title='bbox 1049 379 1169 420; x_wconf 90' lang='lat' dir='ltr'>nulla</span> <span class='ocrx_word' id='word_1_17' title='bbox 1195 392 1238 419; x_wconf 90' lang='lat' dir='ltr'>re</span> <span class='ocrx_word' id='word_1_18' title='bbox 1264 391 1594 420; x_wconf 84' lang='lat' dir='ltr'>commonemur.</span> <span class='ocrx_word' id='word_1_19' title='bbox 1635 377 1735 420; x_wconf 90' lang='lat' dir='ltr'>Pari</span> <span class='ocrx_word' id='word_1_20' title='bbox 1754 381 1901 421; x_wconf 85' lang='lat' dir='ltr'>aucto-</span> 
     </span>
     <span class='ocr_line' id='line_1_4' title="bbox 386 447 1901 504; baseline -0.001 -11"><span class='ocrx_word' id='word_1_21' title='bbox 386 453 513 494; x_wconf 91' lang='lat' dir='ltr'>ritate</span> <span class='ocrx_word' id='word_1_22' title='bbox 546 449 776 492; x_wconf 89' lang='lat' dir='ltr'>eorundem</span> <span class='ocrx_word' id='word_1_23' title='bbox 804 464 982 504; x_wconf 90' lang='lat' dir='ltr'>operum</span> <span class='ocrx_word' id='word_1_24' title='bbox 1015 448 1143 491; x_wconf 88' lang='lat' dir='ltr'>editio</span> <span class='ocrx_word' id='word_1_25' title='bbox 1176 451 1269 490; x_wconf 88' lang='lat' dir='ltr'>erat</span> <span class='ocrx_word' id='word_1_26' title='bbox 1295 448 1346 490; x_wconf 91' lang='lat' dir='ltr'>A.</span> <span class='ocrx_word' id='word_1_27' title='bbox 1367 447 1641 490; x_wconf 82' lang='lat' dir='ltr'>CRATANDRI</span> <span class='ocrx_word' id='word_1_28' title='bbox 1667 448 1901 491; x_wconf 88' lang='lat' dir='ltr'>Basilensis</span> 
     </span>
     <span class='ocr_line' id='line_1_5' title="bbox 387 519 1901 575; baseline -0.001 -12"><span class='ocrx_word' id='word_1_29' title='bbox 387 538 423 565; x_wconf 86' lang='lat' dir='ltr'>a.</span> <span class='ocrx_word' id='word_1_30' title='bbox 446 522 556 563; x_wconf 88' lang='grc'>1528</span> <span class='ocrx_word' id='word_1_31' title='bbox 585 535 691 575; x_wconf 88' lang='lat' dir='ltr'>quae</span> <span class='ocrx_word' id='word_1_32' title='bbox 718 521 920 562; x_wconf 88' lang='lat' dir='ltr'>Aldinam</span> <span class='ocrx_word' id='word_1_33' title='bbox 953 521 1144 575; x_wconf 90' lang='lat' dir='ltr'>sequitur</span> <span class='ocrx_word' id='word_1_34' title='bbox 1174 520 1260 561; x_wconf 87' lang='lat' dir='ltr'>illis</span> <span class='ocrx_word' id='word_1_35' title='bbox 1294 534 1400 574; x_wconf 92' lang='lat' dir='ltr'>quos</span> <span class='ocrx_word' id='word_1_36' title='bbox 1432 520 1557 573; x_wconf 89' lang='lat' dir='ltr'>posui</span> <span class='ocrx_word' id='word_1_37' title='bbox 1587 519 1693 561; x_wconf 88' lang='lat' dir='ltr'>locis</span> <span class='ocrx_word' id='word_1_38' title='bbox 1719 520 1901 574; x_wconf 89' lang='lat' dir='ltr'>receptis</span> 
     </span>
     <span class='ocr_line' id='line_1_6' title="bbox 387 589 1902 646; baseline -0.002 -12"><span class='ocrx_word' id='word_1_39' title='bbox 387 594 607 635; x_wconf 86' lang='lat' dir='ltr'>doctorum</span> <span class='ocrx_word' id='word_1_40' title='bbox 641 607 787 634; x_wconf 90' lang='lat' dir='ltr'>eorum</span> <span class='ocrx_word' id='word_1_41' title='bbox 820 606 926 646; x_wconf 87' lang='lat' dir='ltr'>quos</span> <span class='ocrx_word' id='word_1_42' title='bbox 959 592 1005 633; x_wconf 90' lang='lat' dir='ltr'>in</span> <span class='ocrx_word' id='word_1_43' title='bbox 1030 591 1161 646; x_wconf 87' lang='lat' dir='ltr'>praef.</span> <span class='ocrx_word' id='word_1_44' title='bbox 1189 593 1409 632; x_wconf 87' lang='lat' dir='ltr'>enumerat</span> <span class='ocrx_word' id='word_1_45' title='bbox 1433 589 1460 631; x_wconf 84' lang='lat' dir='ltr'>J</span> <span class='ocrx_word' id='word_1_46' title='bbox 1465 589 1658 632; x_wconf 83' lang='lat' dir='ltr'>Sichardi</span> <span class='ocrx_word' id='word_1_47' title='bbox 1683 589 1902 631; x_wconf 86' lang='lat' dir='ltr'>MBentini</span> 
     </span>
     <span class='ocr_line' id='line_1_7' title="bbox 385 661 1905 716; baseline -0.002 -11"><span class='ocrx_word' id='word_1_48' title='bbox 385 665 570 705; x_wconf 86' lang='lat' dir='ltr'>aliorum</span> <span class='ocrx_word' id='word_1_49' title='bbox 613 663 886 706; x_wconf 87' lang='lat' dir='ltr'>coniecturis:</span> <span class='ocrx_word' id='word_1_50' title='bbox 931 663 1064 704; x_wconf 89' lang='lat' dir='ltr'>ueluti</span> <span class='ocrx_word' id='word_1_51' title='bbox 1107 663 1183 703; x_wconf 83' lang='lat' dir='ltr'>illa</span> <span class='ocrx_word' id='word_1_52' title='bbox 1226 662 1409 716; x_wconf 88' lang='lat' dir='ltr'>primum</span> <span class='ocrx_word' id='word_1_53' title='bbox 1452 661 1515 702; x_wconf 92' lang='lat' dir='ltr'>IV</span> <span class='ocrx_word' id='word_1_54' title='bbox 1551 662 1706 716; x_wconf 91' lang='grc'>12,18</span> <span class='ocrx_word' id='word_1_55' title='bbox 1750 661 1905 703; x_wconf 77' lang='lat' dir='ltr'><em>Lucilii</em></span> 
     </span>
     <span class='ocr_line' id='line_1_8' title="bbox 386 732 1904 777; baseline -0.002 -1"><span class='ocrx_word' id='word_1_56' title='bbox 386 750 542 777; x_wconf 89' lang='lat' dir='ltr'>nomen</span> <span class='ocrx_word' id='word_1_57' title='bbox 586 735 754 776; x_wconf 75' lang='lat' dir='ltr'><strong>induxit</strong></span> <span class='ocrx_word' id='word_1_58' title='bbox 798 737 839 776; x_wconf 91' lang='lat' dir='ltr'>et</span> <span class='ocrx_word' id='word_1_59' title='bbox 881 734 1060 775; x_wconf 89' lang='lat' dir='ltr'>heroum</span> <span class='ocrx_word' id='word_1_60' title='bbox 1105 733 1280 774; x_wconf 85' lang='lat' dir='ltr'>effinxit.</span> <span class='ocrx_word' id='word_1_61' title='bbox 1343 732 1529 774; x_wconf 76' lang='lat' dir='ltr'>Maxima</span> <span class='ocrx_word' id='word_1_62' title='bbox 1574 733 1765 774; x_wconf 88' lang='lat' dir='ltr'>omnium</span> <span class='ocrx_word' id='word_1_63' title='bbox 1809 747 1904 773; x_wconf 87' lang='grc'>611111</span> 
     </span>
     <span class='ocr_line' id='line_1_9' title="bbox 388 803 1905 862; baseline -0.001 -15"><span class='ocrx_word' id='word_1_64' title='bbox 388 806 528 862; x_wconf 84' lang='lat' dir='ltr'>gloria</span> <span class='ocrx_word' id='word_1_65' title='bbox 555 805 703 848; x_wconf 90' lang='lat' dir='ltr'>deinde</span> <span class='ocrx_word' id='word_1_66' title='bbox 730 821 825 848; x_wconf 89' lang='lat' dir='ltr'>cum</span> <span class='ocrx_word' id='word_1_67' title='bbox 853 804 1099 848; x_wconf 82' lang='lat' dir='ltr'>Ciceronem</span> <span class='ocrx_word' id='word_1_68' title='bbox 1127 807 1216 846; x_wconf 88' lang='lat' dir='ltr'>tum</span> <span class='ocrx_word' id='word_1_69' title='bbox 1244 804 1376 845; x_wconf 89' lang='lat' dir='ltr'>libros</span> <span class='ocrx_word' id='word_1_70' title='bbox 1404 804 1455 845; x_wconf 90' lang='lat' dir='ltr'>ad</span> <span class='ocrx_word' id='word_1_71' title='bbox 1481 803 1580 846; x_wconf 85' lang='lat' dir='ltr'><strong>Her.</strong></span> <span class='ocrx_word' id='word_1_72' title='bbox 1607 803 1740 845; x_wconf 89' lang='lat' dir='ltr'>edidit</span> <span class='ocrx_word' id='word_1_73' title='bbox 1765 818 1905 845; x_wconf 90' lang='lat' dir='ltr'>emen-</span> 
     </span>
     <span class='ocr_line' id='line_1_10' title="bbox 386 872 1904 931; baseline -0.002 -13"><span class='ocrx_word' id='word_1_74' title='bbox 386 878 509 919; x_wconf 90' lang='lat' dir='ltr'>datos</span> <span class='ocrx_word' id='word_1_75' title='bbox 542 878 695 919; x_wconf 85' lang='lat' dir='ltr'>Petrus</span> <span class='ocrx_word' id='word_1_76' title='bbox 721 876 978 919; x_wconf 81' lang='lat' dir='ltr'>VICTORIUS</span> <span class='ocrx_word' id='word_1_77' title='bbox 1011 877 1081 917; x_wconf 93' lang='lat' dir='ltr'>ille</span> <span class='ocrx_word' id='word_1_78' title='bbox 1114 890 1239 931; x_wconf 89' lang='lat' dir='ltr'>quem</span> <span class='ocrx_word' id='word_1_79' title='bbox 1272 875 1422 917; x_wconf 85' lang='lat' dir='ltr'>merito</span> <span class='ocrx_word' id='word_1_80' title='bbox 1457 874 1760 929; x_wconf 72' lang='lat' dir='ltr'>sospitatorem</span> <span class='ocrx_word' id='word_1_81' title='bbox 1787 872 1904 916; x_wconf 81' lang='lat' dir='ltr'>Cice-</span> 
     </span>
     <span class='ocr_line' id='line_1_11' title="bbox 386 944 1906 1003; baseline -0.003 -12"><span class='ocrx_word' id='word_1_82' title='bbox 386 949 502 990; x_wconf 89' lang='lat' dir='ltr'>ronis</span> <span class='ocrx_word' id='word_1_83' title='bbox 536 949 682 991; x_wconf 89' lang='lat' dir='ltr'>dicunt</span> <span class='ocrx_word' id='word_1_84' title='bbox 712 948 908 990; x_wconf 88' lang='lat' dir='ltr'>Venetiis</span> <span class='ocrx_word' id='word_1_85' title='bbox 941 948 1054 1003; x_wconf 86' lang='lat' dir='ltr'>apud</span> <span class='ocrx_word' id='word_1_86' title='bbox 1084 948 1257 989; x_wconf 88' lang='lat' dir='ltr'>Iuntam</span> <span class='ocrx_word' id='word_1_87' title='bbox 1289 962 1324 989; x_wconf 89' lang='lat' dir='ltr'>a.</span> <span class='ocrx_word' id='word_1_88' title='bbox 1353 947 1464 988; x_wconf 82' lang='grc'>1537</span> <span class='ocrx_word' id='word_1_89' title='bbox 1500 961 1606 1002; x_wconf 86' lang='lat' dir='ltr'>quae</span> <span class='ocrx_word' id='word_1_90' title='bbox 1640 946 1731 987; x_wconf 87' lang='lat' dir='ltr'>sola</span> <span class='ocrx_word' id='word_1_91' title='bbox 1763 944 1906 987; x_wconf 90' lang='lat' dir='ltr'>Victo-</span> 
     </span>
     <span class='ocr_line' id='line_1_12' title="bbox 386 1016 1907 1074; baseline -0.003 -13"><span class='ocrx_word' id='word_1_92' title='bbox 386 1021 602 1062; x_wconf 85' lang='lat' dir='ltr'>rianarum</span> <span class='ocrx_word' id='word_1_93' title='bbox 641 1020 747 1061; x_wconf 88' lang='lat' dir='ltr'>mihi</span> <span class='ocrx_word' id='word_1_94' title='bbox 785 1022 957 1074; x_wconf 89' lang='lat' dir='ltr'>praesto</span> <span class='ocrx_word' id='word_1_95' title='bbox 997 1022 1072 1061; x_wconf 89' lang='lat' dir='ltr'>est.</span> <span class='ocrx_word' id='word_1_96' title='bbox 1124 1018 1300 1061; x_wconf 80' lang='lat' dir='ltr'>Secutus</span> <span class='ocrx_word' id='word_1_97' title='bbox 1340 1021 1404 1059; x_wconf 89' lang='lat' dir='ltr'>est</span> <span class='ocrx_word' id='word_1_98' title='bbox 1441 1019 1486 1059; x_wconf 92' lang='lat' dir='ltr'>in</span> <span class='ocrx_word' id='word_1_99' title='bbox 1523 1017 1670 1058; x_wconf 89' lang='lat' dir='ltr'>multis</span> <span class='ocrx_word' id='word_1_100' title='bbox 1703 1016 1907 1058; x_wconf 89' lang='lat' dir='ltr'>Aldinam</span> 
     </span>
     <span class='ocr_line' id='line_1_13' title="bbox 387 1088 1906 1145; baseline -0.003 -12"><span class='ocrx_word' id='word_1_101' title='bbox 387 1093 429 1133; x_wconf 88' lang='lat' dir='ltr'>et</span> <span class='ocrx_word' id='word_1_102' title='bbox 462 1090 788 1133; x_wconf 81' lang='lat' dir='ltr'>Cratandream:</span> <span class='ocrx_word' id='word_1_103' title='bbox 835 1091 970 1132; x_wconf 86' lang='lat' dir='ltr'>multa</span> <span class='ocrx_word' id='word_1_104' title='bbox 1008 1091 1224 1145; x_wconf 86' lang='lat' dir='ltr'>praeclare</span> <span class='ocrx_word' id='word_1_105' title='bbox 1263 1089 1507 1131; x_wconf 86' lang='lat' dir='ltr'>emendauit</span> <span class='ocrx_word' id='word_1_106' title='bbox 1544 1089 1635 1142; x_wconf 87' lang='lat' dir='ltr'>ipse</span> <span class='ocrx_word' id='word_1_107' title='bbox 1669 1088 1804 1129; x_wconf 88' lang='lat' dir='ltr'>ueluti</span> <span class='ocrx_word' id='word_1_108' title='bbox 1840 1088 1906 1129; x_wconf 81' lang='lat' dir='ltr'>do-</span> 
     </span>
     <span class='ocr_line' id='line_1_14' title="bbox 386 1159 1908 1215; baseline -0.003 -11"><span class='ocrx_word' id='word_1_109' title='bbox 386 1164 624 1205; x_wconf 66' lang='lat' dir='ltr'>muitionem</span> <span class='ocrx_word' id='word_1_110' title='bbox 650 1161 717 1203; x_wconf 86' lang='grc'>111</span> <span class='ocrx_word' id='word_1_111' title='bbox 742 1163 810 1215; x_wconf 98' lang='grc'>21,</span> <span class='ocrx_word' id='word_1_112' title='bbox 833 1163 900 1215; x_wconf 81' lang='lat'>34,</span> <span class='ocrx_word' id='word_1_113' title='bbox 931 1162 1101 1215; x_wconf 71' lang='lat' dir='ltr'>sufflata</span> <span class='ocrx_word' id='word_1_114' title='bbox 1125 1160 1188 1202; x_wconf 87' lang='lat' dir='ltr'>IV</span> <span class='ocrx_word' id='word_1_115' title='bbox 1211 1161 1277 1214; x_wconf 85' lang='lat'>10,</span> <span class='ocrx_word' id='word_1_116' title='bbox 1302 1160 1365 1211; x_wconf 87' lang='lat'>15,</span> <span class='ocrx_word' id='word_1_117' title='bbox 1396 1160 1562 1202; x_wconf 67' lang='lat' dir='ltr'>materis</span> <span class='ocrx_word' id='word_1_118' title='bbox 1588 1160 1657 1214; x_wconf 79' lang='grc'>32,</span> <span class='ocrx_word' id='word_1_119' title='bbox 1676 1159 1732 1200; x_wconf 82' lang='lat'>43</span> <span class='ocrx_word' id='word_1_120' title='bbox 1764 1159 1908 1213; x_wconf 85' lang='lat' dir='ltr'>posuit</span> 
     </span>
     <span class='ocr_line' id='line_1_15' title="bbox 387 1230 1906 1288; baseline -0.003 -13"><span class='ocrx_word' id='word_1_121' title='bbox 387 1234 550 1288; x_wconf 89' lang='lat' dir='ltr'>primus</span> <span class='ocrx_word' id='word_1_122' title='bbox 594 1237 685 1275; x_wconf 88' lang='lat' dir='ltr'>tum</span> <span class='ocrx_word' id='word_1_123' title='bbox 730 1233 774 1274; x_wconf 90' lang='lat' dir='ltr'>in</span> <span class='ocrx_word' id='word_1_124' title='bbox 817 1233 1035 1274; x_wconf 84' lang='lat' dir='ltr'>uariarum</span> <span class='ocrx_word' id='word_1_125' title='bbox 1080 1233 1311 1284; x_wconf 80' lang='lat' dir='ltr'>lectionum</span> <span class='ocrx_word' id='word_1_126' title='bbox 1352 1231 1471 1272; x_wconf 90' lang='lat' dir='ltr'>libris</span> <span class='ocrx_word' id='word_1_127' title='bbox 1510 1230 1754 1272; x_wconf 83' lang='lat' dir='ltr'>Florentiae</span> <span class='ocrx_word' id='word_1_128' title='bbox 1794 1230 1906 1285; x_wconf 88' lang='lat' dir='ltr'>apud</span> 
     </span>
     <span class='ocr_line' id='line_1_16' title="bbox 387 1300 1906 1357; baseline -0.002 -12"><span class='ocrx_word' id='word_1_129' title='bbox 387 1304 560 1346; x_wconf 87' lang='lat' dir='ltr'>Iunctas</span> <span class='ocrx_word' id='word_1_130' title='bbox 585 1304 696 1346; x_wconf 90' lang='grc'>1582</span> <span class='ocrx_word' id='word_1_131' title='bbox 724 1304 850 1344; x_wconf 81' lang='lat' dir='ltr'>editis</span> <span class='ocrx_word' id='word_1_132' title='bbox 878 1318 916 1357; x_wconf 90' lang='lat' dir='ltr'>p.</span> <span class='ocrx_word' id='word_1_133' title='bbox 941 1304 1036 1345; x_wconf 82' lang='grc'>160.</span> <span class='ocrx_word' id='word_1_134' title='bbox 1057 1303 1154 1345; x_wconf 90' lang='grc'>250.</span> <span class='ocrx_word' id='word_1_135' title='bbox 1174 1303 1258 1344; x_wconf 87' lang='grc'>271</span> <span class='ocrx_word' id='word_1_136' title='bbox 1289 1303 1483 1356; x_wconf 81' lang='lat' dir='ltr'>exempla</span> <span class='ocrx_word' id='word_1_137' title='bbox 1501 1301 1563 1343; x_wconf 87' lang='lat' dir='ltr'>IV</span> <span class='ocrx_word' id='word_1_138' title='bbox 1578 1300 1646 1354; x_wconf 87' lang='lat'>54,</span> <span class='ocrx_word' id='word_1_139' title='bbox 1662 1301 1729 1343; x_wconf 79' lang='lat'>67.</span> <span class='ocrx_word' id='word_1_140' title='bbox 1760 1301 1823 1355; x_wconf 87' lang='lat'>10,</span> <span class='ocrx_word' id='word_1_141' title='bbox 1841 1301 1906 1343; x_wconf 84' lang='lat'>14.</span> 
     </span>
     <span class='ocr_line' id='line_1_17' title="bbox 387 1371 1907 1429; baseline -0.003 -12"><span class='ocrx_word' id='word_1_142' title='bbox 387 1376 462 1429; x_wconf 86' lang='grc'>28,</span> <span class='ocrx_word' id='word_1_143' title='bbox 494 1375 549 1417; x_wconf 81' lang='lat'>39</span> <span class='ocrx_word' id='word_1_144' title='bbox 594 1375 765 1429; x_wconf 85' lang='lat' dir='ltr'>prolata</span> <span class='ocrx_word' id='word_1_145' title='bbox 810 1374 951 1416; x_wconf 88' lang='lat' dir='ltr'>allatis</span> <span class='ocrx_word' id='word_1_146' title='bbox 997 1376 1070 1414; x_wconf 86' lang='lat' dir='ltr'>aut</span> <span class='ocrx_word' id='word_1_147' title='bbox 1115 1372 1289 1414; x_wconf 85' lang='lat' dir='ltr'>Graecis</span> <span class='ocrx_word' id='word_1_148' title='bbox 1335 1374 1409 1414; x_wconf 89' lang='lat' dir='ltr'>aut</span> <span class='ocrx_word' id='word_1_149' title='bbox 1451 1371 1616 1413; x_wconf 87' lang='lat' dir='ltr'>Latinis</span> <span class='ocrx_word' id='word_1_150' title='bbox 1662 1372 1907 1413; x_wconf 86' lang='lat' dir='ltr'>auctoribus</span> 
     </span>
     <span class='ocr_line' id='line_1_18' title="bbox 388 1441 1908 1501; baseline -0.003 -13"><span class='ocrx_word' id='word_1_151' title='bbox 388 1446 550 1501; x_wconf 87' lang='lat' dir='ltr'>optime</span> <span class='ocrx_word' id='word_1_152' title='bbox 587 1446 661 1487; x_wconf 91' lang='lat' dir='ltr'>ille</span> <span class='ocrx_word' id='word_1_153' title='bbox 699 1446 959 1500; x_wconf 85' lang='lat' dir='ltr'>explanauit.</span> <span class='ocrx_word' id='word_1_154' title='bbox 1020 1444 1172 1499; x_wconf 87' lang='lat' dir='ltr'>Itaque</span> <span class='ocrx_word' id='word_1_155' title='bbox 1210 1444 1322 1498; x_wconf 89' lang='lat' dir='ltr'>quod</span> <span class='ocrx_word' id='word_1_156' title='bbox 1355 1443 1563 1485; x_wconf 82' lang='lat' dir='ltr'>Graeuius</span> <span class='ocrx_word' id='word_1_157' title='bbox 1603 1443 1653 1484; x_wconf 92' lang='lat' dir='ltr'>de</span> <span class='ocrx_word' id='word_1_158' title='bbox 1686 1441 1908 1485; x_wconf 79' lang='lat' dir='ltr'>Cicerone:</span> 
     </span>
     <span class='ocr_line' id='line_1_19' title="bbox 389 1514 1909 1572; baseline -0.003 -14"><span class='ocrx_word' id='word_1_159' title='bbox 389 1518 480 1560; x_wconf 72' lang='lat' dir='ltr'>euui</span> <span class='ocrx_word' id='word_1_160' title='bbox 506 1517 732 1572; x_wconf 81' lang='lat' dir='ltr'>Victorio&#39;,</span> <span class='ocrx_word' id='word_1_161' title='bbox 757 1517 909 1572; x_wconf 88' lang='lat' dir='ltr'>inquit,</span> <span class='ocrx_word' id='word_1_162' title='bbox 935 1516 1045 1571; x_wconf 66' lang='lat' dir='ltr'>‘plus</span> <span class='ocrx_word' id='word_1_163' title='bbox 1073 1515 1219 1558; x_wconf 83' lang='lat' dir='ltr'>Cicero</span> <span class='ocrx_word' id='word_1_164' title='bbox 1247 1515 1383 1570; x_wconf 84' lang='lat' dir='ltr'>debet,</span> <span class='ocrx_word' id='word_1_165' title='bbox 1410 1530 1538 1570; x_wconf 88' lang='lat' dir='ltr'>quam</span> <span class='ocrx_word' id='word_1_166' title='bbox 1564 1514 1741 1569; x_wconf 89' lang='lat' dir='ltr'>reliquis</span> <span class='ocrx_word' id='word_1_167' title='bbox 1769 1514 1909 1555; x_wconf 89' lang='lat' dir='ltr'>omni-</span> 
     </span>
     <span class='ocr_line' id='line_1_20' title="bbox 388 1585 1908 1643; baseline -0.003 -13"><span class='ocrx_word' id='word_1_168' title='bbox 388 1590 467 1631; x_wconf 93' lang='lat' dir='ltr'>bus</span> <span class='ocrx_word' id='word_1_169' title='bbox 495 1589 566 1643; x_wconf 88' lang='lat' dir='ltr'>qui</span> <span class='ocrx_word' id='word_1_170' title='bbox 598 1589 641 1630; x_wconf 90' lang='lat' dir='ltr'>in</span> <span class='ocrx_word' id='word_1_171' title='bbox 669 1603 717 1630; x_wconf 91' lang='lat' dir='ltr'>eo</span> <span class='ocrx_word' id='word_1_172' title='bbox 744 1588 1021 1643; x_wconf 89' lang='lat' dir='ltr'>perpoliendo</span> <span class='ocrx_word' id='word_1_173' title='bbox 1051 1602 1221 1641; x_wconf 81' lang='lat' dir='ltr'>operam</span> <span class='ocrx_word' id='word_1_174' title='bbox 1251 1586 1521 1641; x_wconf 82' lang='lat' dir='ltr'>posuerunt’,</span> <span class='ocrx_word' id='word_1_175' title='bbox 1552 1586 1663 1626; x_wconf 89' lang='lat' dir='ltr'>idem</span> <span class='ocrx_word' id='word_1_176' title='bbox 1696 1585 1746 1626; x_wconf 91' lang='lat' dir='ltr'>de</span> <span class='ocrx_word' id='word_1_177' title='bbox 1779 1585 1908 1639; x_wconf 89' lang='lat' dir='ltr'>scrip-</span> 
     </span>
     <span class='ocr_line' id='line_1_21' title="bbox 388 1656 1908 1714; baseline -0.003 -13"><span class='ocrx_word' id='word_1_178' title='bbox 388 1663 480 1702; x_wconf 86' lang='lat' dir='ltr'>tore</span> <span class='ocrx_word' id='word_1_179' title='bbox 521 1661 573 1702; x_wconf 89' lang='lat' dir='ltr'>ad</span> <span class='ocrx_word' id='word_1_180' title='bbox 612 1660 714 1702; x_wconf 86' lang='lat' dir='ltr'>Her.</span> <span class='ocrx_word' id='word_1_181' title='bbox 752 1659 1117 1714; x_wconf 86' lang='lat' dir='ltr'>pronuntiandum</span> <span class='ocrx_word' id='word_1_182' title='bbox 1157 1659 1248 1700; x_wconf 88' lang='lat' dir='ltr'>erit.</span> <span class='ocrx_word' id='word_1_183' title='bbox 1312 1658 1461 1713; x_wconf 86' lang='lat' dir='ltr'>Neque</span> <span class='ocrx_word' id='word_1_184' title='bbox 1498 1660 1643 1699; x_wconf 82' lang='lat' dir='ltr'>tamen</span> <span class='ocrx_word' id='word_1_185' title='bbox 1674 1656 1791 1698; x_wconf 90' lang='lat' dir='ltr'>codd.</span> <span class='ocrx_word' id='word_1_186' title='bbox 1823 1670 1908 1697; x_wconf 91' lang='lat' dir='ltr'>me-</span> 
     </span>
     <span class='ocr_line' id='line_1_22' title="bbox 388 1727 1908 1783; baseline -0.003 -11"><span class='ocrx_word' id='word_1_187' title='bbox 388 1732 543 1774; x_wconf 91' lang='lat' dir='ltr'>liorum</span> <span class='ocrx_word' id='word_1_188' title='bbox 576 1732 735 1773; x_wconf 77' lang='lat' dir='ltr'>auxilio</span> <span class='ocrx_word' id='word_1_189' title='bbox 769 1731 938 1773; x_wconf 88' lang='lat' dir='ltr'>adiutus</span> <span class='ocrx_word' id='word_1_190' title='bbox 966 1731 1195 1772; x_wconf 84' lang='lat' dir='ltr'>editionem</span> <span class='ocrx_word' id='word_1_191' title='bbox 1223 1729 1422 1772; x_wconf 85' lang='lat' dir='ltr'>confecit:</span> <span class='ocrx_word' id='word_1_192' title='bbox 1456 1744 1556 1771; x_wconf 89' lang='lat' dir='ltr'>nam</span> <span class='ocrx_word' id='word_1_193' title='bbox 1582 1742 1792 1783; x_wconf 85' lang='lat' dir='ltr'>nusquam</span> <span class='ocrx_word' id='word_1_194' title='bbox 1819 1727 1908 1768; x_wconf 89' lang='lat' dir='ltr'>eius</span> 
     </span>
     <span class='ocr_line' id='line_1_23' title="bbox 389 1798 1906 1858; baseline -0.004 -13"><span class='ocrx_word' id='word_1_195' title='bbox 389 1803 504 1845; x_wconf 90' lang='lat' dir='ltr'>modi</span> <span class='ocrx_word' id='word_1_196' title='bbox 540 1803 687 1858; x_wconf 85' lang='lat' dir='ltr'>posuit</span> <span class='ocrx_word' id='word_1_197' title='bbox 725 1802 951 1856; x_wconf 87' lang='lat' dir='ltr'>lectiones,</span> <span class='ocrx_word' id='word_1_198' title='bbox 993 1802 1139 1856; x_wconf 84' lang='lat' dir='ltr'>quales</span> <span class='ocrx_word' id='word_1_199' title='bbox 1172 1816 1193 1841; x_wconf 92' lang='lat' dir='ltr'>e</span> <span class='ocrx_word' id='word_1_200' title='bbox 1226 1801 1348 1842; x_wconf 87' lang='lat' dir='ltr'>libris</span> <span class='ocrx_word' id='word_1_201' title='bbox 1387 1815 1516 1841; x_wconf 88' lang='lat' dir='ltr'>manu</span> <span class='ocrx_word' id='word_1_202' title='bbox 1549 1799 1718 1853; x_wconf 87' lang='lat' dir='ltr'>scriptis</span> <span class='ocrx_word' id='word_1_203' title='bbox 1750 1798 1906 1852; x_wconf 87' lang='lat' dir='ltr'>petitas</span> 
     </span>
     <span class='ocr_line' id='line_1_24' title="bbox 389 1869 1909 1928; baseline -0.004 -12"><span class='ocrx_word' id='word_1_204' title='bbox 389 1888 484 1915; x_wconf 88' lang='lat' dir='ltr'>esse</span> <span class='ocrx_word' id='word_1_205' title='bbox 517 1874 748 1916; x_wconf 88' lang='lat' dir='ltr'>conieceris</span> <span class='ocrx_word' id='word_1_206' title='bbox 780 1873 1030 1915; x_wconf 89' lang='lat' dir='ltr'>melioribus</span> <span class='ocrx_word' id='word_1_207' title='bbox 1057 1888 1184 1928; x_wconf 90' lang='lat' dir='ltr'>quam</span> <span class='ocrx_word' id='word_1_208' title='bbox 1217 1872 1255 1914; x_wconf 92' lang='lat' dir='ltr'>ei</span> <span class='ocrx_word' id='word_1_209' title='bbox 1288 1874 1388 1913; x_wconf 90' lang='lat' dir='ltr'>sunt</span> <span class='ocrx_word' id='word_1_210' title='bbox 1415 1886 1519 1927; x_wconf 89' lang='lat' dir='ltr'>quos</span> <span class='ocrx_word' id='word_1_211' title='bbox 1546 1870 1757 1912; x_wconf 89' lang='lat' dir='ltr'>nouimus.</span> <span class='ocrx_word' id='word_1_212' title='bbox 1801 1869 1909 1910; x_wconf 85' lang='lat' dir='ltr'>Tum</span> 
     </span>
     <span class='ocr_line' id='line_1_25' title="bbox 388 1941 1908 1999; baseline -0.003 -13"><span class='ocrx_word' id='word_1_213' title='bbox 388 1946 551 1999; x_wconf 86' lang='lat' dir='ltr'>primus</span> <span class='ocrx_word' id='word_1_214' title='bbox 585 1945 777 1986; x_wconf 87' lang='lat' dir='ltr'>omnium</span> <span class='ocrx_word' id='word_1_215' title='bbox 810 1959 937 1986; x_wconf 86' lang='lat' dir='ltr'>ausus</span> <span class='ocrx_word' id='word_1_216' title='bbox 971 1946 1036 1985; x_wconf 91' lang='lat' dir='ltr'>est</span> <span class='ocrx_word' id='word_1_217' title='bbox 1068 1943 1253 1985; x_wconf 87' lang='lat' dir='ltr'>auctoris</span> <span class='ocrx_word' id='word_1_218' title='bbox 1280 1943 1518 1984; x_wconf 86' lang='lat' dir='ltr'>rhetoricae</span> <span class='ocrx_word' id='word_1_219' title='bbox 1545 1942 1598 1983; x_wconf 87' lang='lat' dir='ltr'>ad</span> <span class='ocrx_word' id='word_1_220' title='bbox 1626 1941 1726 1982; x_wconf 90' lang='lat' dir='ltr'>Her.</span> <span class='ocrx_word' id='word_1_221' title='bbox 1752 1954 1908 1982; x_wconf 89' lang='lat' dir='ltr'>nomen</span> 
     </span>
     <span class='ocr_line' id='line_1_26' title="bbox 389 2011 1908 2071; baseline -0.004 -13"><span class='ocrx_word' id='word_1_222' title='bbox 389 2017 687 2071; x_wconf 83' lang='lat' dir='ltr'>pronuntiare:</span> <span class='ocrx_word' id='word_1_223' title='bbox 731 2030 830 2056; x_wconf 87' lang='lat' dir='ltr'>nam</span> <span class='ocrx_word' id='word_1_224' title='bbox 868 2015 894 2056; x_wconf 91' lang='grc'>1.</span> <span class='ocrx_word' id='word_1_225' title='bbox 929 2029 959 2056; x_wconf 88' lang='grc'>5.</span> <span class='ocrx_word' id='word_1_226' title='bbox 1000 2014 1148 2055; x_wconf 86' lang='lat' dir='ltr'>scribit</span> <span class='ocrx_word' id='word_1_227' title='bbox 1192 2013 1318 2054; x_wconf 88' lang='lat' dir='ltr'>modo</span> <span class='ocrx_word' id='word_1_228' title='bbox 1358 2011 1538 2054; x_wconf 74' lang='lat' dir='ltr'>tAuctor</span> <span class='ocrx_word' id='word_1_229' title='bbox 1580 2011 1812 2053; x_wconf 88' lang='lat' dir='ltr'>rhetorices</span> <span class='ocrx_word' id='word_1_230' title='bbox 1857 2011 1908 2052; x_wconf 86' lang='lat' dir='ltr'>ad</span> 
     </span>
     <span class='ocr_line' id='line_1_27' title="bbox 389 2080 1911 2142; baseline -0.004 -13"><span class='ocrx_word' id='word_1_231' title='bbox 389 2088 490 2130; x_wconf 88' lang='lat' dir='ltr'>Her.</span> <span class='ocrx_word' id='word_1_232' title='bbox 523 2088 596 2142; x_wconf 88' lang='lat' dir='ltr'>qui</span> <span class='ocrx_word' id='word_1_233' title='bbox 633 2096 748 2128; x_wconf 85' lang='lat' dir='ltr'>&#39;nunc</span> <span class='ocrx_word' id='word_1_234' title='bbox 787 2101 879 2127; x_wconf 89' lang='lat' dir='ltr'>esse</span> <span class='ocrx_word' id='word_1_235' title='bbox 913 2084 1164 2127; x_wconf 82' lang='lat' dir='ltr'>Cornificius</span> <span class='ocrx_word' id='word_1_236' title='bbox 1202 2083 1402 2139; x_wconf 83' lang='lat' dir='ltr'>putatur&#39;</span> <span class='ocrx_word' id='word_1_237' title='bbox 1435 2083 1562 2125; x_wconf 92' lang='lat' dir='ltr'>modo</span> <span class='ocrx_word' id='word_1_238' title='bbox 1596 2083 1694 2124; x_wconf 73' lang='lat' dir='ltr'>‘nec</span> <span class='ocrx_word' id='word_1_239' title='bbox 1725 2097 1811 2124; x_wconf 92' lang='lat' dir='ltr'>non</span> <span class='ocrx_word' id='word_1_240' title='bbox 1844 2080 1911 2138; x_wconf 79' lang='lat' dir='ltr'>(ut</span> 
     </span>
     <span class='ocr_line' id='line_1_28' title="bbox 391 2152 1908 2214; baseline -0.004 -14"><span class='ocrx_word' id='word_1_241' title='bbox 391 2157 596 2214; x_wconf 84' lang='lat' dir='ltr'>arbitror)</span> <span class='ocrx_word' id='word_1_242' title='bbox 631 2157 886 2199; x_wconf 83' lang='lat' dir='ltr'>Cornificius</span> <span class='ocrx_word' id='word_1_243' title='bbox 919 2158 962 2198; x_wconf 88' lang='lat' dir='ltr'>in</span> <span class='ocrx_word' id='word_1_244' title='bbox 996 2156 1082 2197; x_wconf 90' lang='lat' dir='ltr'>IIII</span> <span class='ocrx_word' id='word_1_245' title='bbox 1114 2156 1225 2197; x_wconf 89' lang='lat' dir='ltr'>libro</span> <span class='ocrx_word' id='word_1_246' title='bbox 1265 2155 1317 2195; x_wconf 86' lang='lat' dir='ltr'>ad</span> <span class='ocrx_word' id='word_1_247' title='bbox 1350 2154 1464 2195; x_wconf 67' lang='lat' dir='ltr'>Her?</span> <span class='ocrx_word' id='word_1_248' title='bbox 1502 2156 1595 2195; x_wconf 90' lang='lat' dir='ltr'>tum</span> <span class='ocrx_word' id='word_1_249' title='bbox 1633 2152 1908 2195; x_wconf 70' lang='lat' dir='ltr'>‘Cornificius</span> 
     </span>
     <span class='ocr_line' id='line_1_29' title="bbox 389 2224 1911 2281; baseline -0.004 -10"><span class='ocrx_word' id='word_1_250' title='bbox 389 2230 433 2270; x_wconf 93' lang='lat' dir='ltr'>in</span> <span class='ocrx_word' id='word_1_251' title='bbox 467 2229 552 2271; x_wconf 83' lang='lat' dir='ltr'>IIII</span> <span class='ocrx_word' id='word_1_252' title='bbox 578 2230 688 2271; x_wconf 86' lang='lat' dir='ltr'>libro</span> <span class='ocrx_word' id='word_1_253' title='bbox 717 2229 765 2270; x_wconf 91' lang='lat' dir='ltr'>de</span> <span class='ocrx_word' id='word_1_254' title='bbox 793 2231 885 2270; x_wconf 84' lang='lat' dir='ltr'>arte</span> <span class='ocrx_word' id='word_1_255' title='bbox 913 2228 1079 2270; x_wconf 90' lang='lat' dir='ltr'>dicendi</span> <span class='ocrx_word' id='word_1_256' title='bbox 1106 2227 1158 2268; x_wconf 87' lang='lat' dir='ltr'>ad</span> <span class='ocrx_word' id='word_1_257' title='bbox 1189 2226 1302 2268; x_wconf 61' lang='lat' dir='ltr'>Her?</span> <span class='ocrx_word' id='word_1_258' title='bbox 1329 2241 1368 2281; x_wconf 92' lang='lat' dir='ltr'>p.</span> <span class='ocrx_word' id='word_1_259' title='bbox 1400 2226 1500 2267; x_wconf 83' lang='lat'>160:</span> <span class='ocrx_word' id='word_1_260' title='bbox 1527 2240 1610 2280; x_wconf 88' lang='lat' dir='ltr'>qua</span> <span class='ocrx_word' id='word_1_261' title='bbox 1635 2226 1679 2266; x_wconf 91' lang='lat' dir='ltr'>in</span> <span class='ocrx_word' id='word_1_262' title='bbox 1706 2240 1750 2266; x_wconf 91' lang='lat' dir='ltr'>re</span> <span class='ocrx_word' id='word_1_263' title='bbox 1777 2224 1911 2266; x_wconf 89' lang='lat' dir='ltr'>secuti</span> 
     </span>
     <span class='ocr_line' id='line_1_30' title="bbox 391 2295 1909 2343; baseline -0.004 -1"><span class='ocrx_word' id='word_1_264' title='bbox 391 2304 490 2343; x_wconf 87' lang='lat' dir='ltr'>sunt</span> <span class='ocrx_word' id='word_1_265' title='bbox 525 2301 765 2342; x_wconf 88' lang='lat' dir='ltr'>Victorium</span> <span class='ocrx_word' id='word_1_266' title='bbox 809 2300 1026 2341; x_wconf 82' lang='lat' dir='ltr'>Adrianus</span> <span class='ocrx_word' id='word_1_267' title='bbox 1071 2298 1295 2340; x_wconf 82' lang='lat' dir='ltr'>Turnebus</span> <span class='ocrx_word' id='word_1_268' title='bbox 1340 2298 1385 2338; x_wconf 93' lang='lat' dir='ltr'>in</span> <span class='ocrx_word' id='word_1_269' title='bbox 1428 2297 1688 2338; x_wconf 85' lang='lat' dir='ltr'>aduersariis</span> <span class='ocrx_word' id='word_1_270' title='bbox 1732 2295 1909 2337; x_wconf 87' lang='lat' dir='ltr'>Parisiis</span> 
     </span>
     <span class='ocr_line' id='line_1_31' title="bbox 392 2366 1909 2426; baseline -0.004 -13"><span class='ocrx_word' id='word_1_271' title='bbox 392 2373 506 2414; x_wconf 79' lang='lat'>1564</span> <span class='ocrx_word' id='word_1_272' title='bbox 539 2372 664 2413; x_wconf 88' lang='lat' dir='ltr'>editis</span> <span class='ocrx_word' id='word_1_273' title='bbox 692 2371 924 2426; x_wconf 82' lang='lat' dir='ltr'>Dionysius</span> <span class='ocrx_word' id='word_1_274' title='bbox 951 2370 1187 2411; x_wconf 84' lang='lat' dir='ltr'>Lambinus</span> <span class='ocrx_word' id='word_1_275' title='bbox 1220 2369 1263 2410; x_wconf 91' lang='lat' dir='ltr'>in</span> <span class='ocrx_word' id='word_1_276' title='bbox 1295 2369 1409 2410; x_wconf 89' lang='lat' dir='ltr'>notis</span> <span class='ocrx_word' id='word_1_277' title='bbox 1444 2368 1496 2409; x_wconf 87' lang='lat' dir='ltr'>ad</span> <span class='ocrx_word' id='word_1_278' title='bbox 1528 2368 1578 2409; x_wconf 90' lang='lat' dir='ltr'>de</span> <span class='ocrx_word' id='word_1_279' title='bbox 1610 2368 1695 2408; x_wconf 91' lang='lat' dir='ltr'>inu.</span> <span class='ocrx_word' id='word_1_280' title='bbox 1720 2366 1741 2408; x_wconf 91' lang='lat' dir='ltr'>I</span> <span class='ocrx_word' id='word_1_281' title='bbox 1761 2366 1829 2421; x_wconf 88' lang='lat'>50,</span> <span class='ocrx_word' id='word_1_282' title='bbox 1853 2366 1909 2407; x_wconf 85' lang='lat'>95</span> 
     </span>
     <span class='ocr_line' id='line_1_32' title="bbox 391 2438 1909 2497; baseline -0.004 -13"><span class='ocrx_word' id='word_1_283' title='bbox 391 2443 463 2497; x_wconf 89' lang='lat' dir='ltr'>qui</span> <span class='ocrx_word' id='word_1_284' title='bbox 496 2443 544 2483; x_wconf 85' lang='lat' dir='ltr'>ad</span> <span class='ocrx_word' id='word_1_285' title='bbox 581 2443 679 2483; x_wconf 87' lang='lat' dir='ltr'>Her.</span> <span class='ocrx_word' id='word_1_286' title='bbox 707 2442 746 2483; x_wconf 94' lang='grc' dir='ltr'>ΙΙ</span> <span class='ocrx_word' id='word_1_287' title='bbox 777 2443 844 2497; x_wconf 84' lang='grc'>16,</span> <span class='ocrx_word' id='word_1_288' title='bbox 863 2443 919 2483; x_wconf 82' lang='grc'>24</span> <span class='ocrx_word' id='word_1_289' title='bbox 952 2445 1097 2482; x_wconf 86' lang='lat' dir='ltr'>tamen</span> <span class='ocrx_word' id='word_1_290' title='bbox 1131 2441 1358 2482; x_wconf 80' lang='lat' dir='ltr'>adnotaret</span> <span class='ocrx_word' id='word_1_291' title='bbox 1390 2438 1661 2481; x_wconf 74' lang='lat' dir='ltr'>‘Cornificius</span> <span class='ocrx_word' id='word_1_292' title='bbox 1694 2438 1783 2479; x_wconf 85' lang='lat' dir='ltr'>siue</span> <span class='ocrx_word' id='word_1_293' title='bbox 1814 2438 1909 2492; x_wconf 87' lang='lat' dir='ltr'>quis</span> 
     </span>
     <span class='ocr_line' id='line_1_33' title="bbox 391 2508 1910 2566; baseline -0.003 -12"><span class='ocrx_word' id='word_1_294' title='bbox 391 2513 521 2554; x_wconf 78' lang='lat' dir='ltr'>alius’</span> <span class='ocrx_word' id='word_1_295' title='bbox 561 2514 646 2555; x_wconf 88' lang='lat' dir='ltr'>alii.</span> <span class='ocrx_word' id='word_1_296' title='bbox 707 2512 797 2554; x_wconf 89' lang='lat' dir='ltr'>Nec</span> <span class='ocrx_word' id='word_1_297' title='bbox 842 2513 1014 2554; x_wconf 88' lang='lat' dir='ltr'>mirum:</span> <span class='ocrx_word' id='word_1_298' title='bbox 1059 2526 1195 2566; x_wconf 87' lang='lat' dir='ltr'>neque</span> <span class='ocrx_word' id='word_1_299' title='bbox 1240 2512 1350 2552; x_wconf 91' lang='lat' dir='ltr'>enim</span> <span class='ocrx_word' id='word_1_300' title='bbox 1397 2511 1622 2565; x_wconf 88' lang='lat' dir='ltr'>quicquam</span> <span class='ocrx_word' id='word_1_301' title='bbox 1667 2508 1840 2550; x_wconf 84' lang='lat' dir='ltr'>ueritati</span> <span class='ocrx_word' id='word_1_302' title='bbox 1886 2523 1910 2549; x_wconf 87' lang='lat' dir='ltr'>a</span> 
     </span>
     <span class='ocr_line' id='line_1_34' title="bbox 392 2579 1909 2639; baseline -0.004 -13"><span class='ocrx_word' id='word_1_303' title='bbox 392 2585 525 2639; x_wconf 83' lang='lat' dir='ltr'>Regio</span> <span class='ocrx_word' id='word_1_304' title='bbox 566 2585 761 2639; x_wconf 88' lang='lat' dir='ltr'>prolatae</span> <span class='ocrx_word' id='word_1_305' title='bbox 800 2585 895 2639; x_wconf 89' lang='lat' dir='ltr'>plus</span> <span class='ocrx_word' id='word_1_306' title='bbox 935 2584 1193 2625; x_wconf 82' lang='lat' dir='ltr'>detrectauit</span> <span class='ocrx_word' id='word_1_307' title='bbox 1225 2598 1353 2637; x_wconf 85' lang='lat' dir='ltr'>quam</span> <span class='ocrx_word' id='word_1_308' title='bbox 1385 2582 1497 2636; x_wconf 90' lang='lat' dir='ltr'>quod</span> <span class='ocrx_word' id='word_1_309' title='bbox 1536 2581 1607 2622; x_wconf 89' lang='grc'>1116</span> <span class='ocrx_word' id='word_1_310' title='bbox 1642 2579 1909 2635; x_wconf 89' lang='lat' dir='ltr'>ineptissime</span> 
     </span>
     <span class='ocr_line' id='line_1_35' title="bbox 390 2650 1910 2699; baseline -0.005 -2"><span class='ocrx_word' id='word_1_311' title='bbox 390 2659 475 2697; x_wconf 88' lang='lat' dir='ltr'>tres</span> <span class='ocrx_word' id='word_1_312' title='bbox 514 2656 640 2697; x_wconf 89' lang='lat' dir='ltr'>simul</span> <span class='ocrx_word' id='word_1_313' title='bbox 681 2657 904 2697; x_wconf 89' lang='lat' dir='ltr'>inuenerat</span> <span class='ocrx_word' id='word_1_314' title='bbox 943 2657 1138 2697; x_wconf 84' lang='lat' dir='ltr'>auctores</span> <span class='ocrx_word' id='word_1_315' title='bbox 1184 2656 1226 2694; x_wconf 91' lang='lat' dir='ltr'>et</span> <span class='ocrx_word' id='word_1_316' title='bbox 1263 2653 1480 2695; x_wconf 87' lang='lat' dir='ltr'>Victorius</span> <span class='ocrx_word' id='word_1_317' title='bbox 1520 2667 1615 2693; x_wconf 89' lang='grc'>611111</span> <span class='ocrx_word' id='word_1_318' title='bbox 1655 2666 1705 2692; x_wconf 85' lang='lat' dir='ltr'>ex</span> <span class='ocrx_word' id='word_1_319' title='bbox 1745 2650 1910 2699; x_wconf 78' lang='lat' dir='ltr'>Quinti—</span> 
     </span>
     <span class='ocr_line' id='line_1_36' title="bbox 392 2722 1908 2769; baseline -0.005 0"><span class='ocrx_word' id='word_1_320' title='bbox 392 2727 507 2769; x_wconf 85' lang='lat' dir='ltr'>liano</span> <span class='ocrx_word' id='word_1_321' title='bbox 528 2727 765 2769; x_wconf 87' lang='lat' dir='ltr'>rhetoricae</span> <span class='ocrx_word' id='word_1_322' title='bbox 793 2726 845 2768; x_wconf 88' lang='lat' dir='ltr'>ad</span> <span class='ocrx_word' id='word_1_323' title='bbox 872 2725 1161 2767; x_wconf 81' lang='lat' dir='ltr'>Alexandrum</span> <span class='ocrx_word' id='word_1_324' title='bbox 1190 2726 1232 2766; x_wconf 91' lang='lat' dir='ltr'>in</span> <span class='ocrx_word' id='word_1_325' title='bbox 1254 2723 1565 2766; x_wconf 81' lang='lat' dir='ltr'>Commentarii</span> <span class='ocrx_word' id='word_1_326' title='bbox 1591 2723 1635 2763; x_wconf 91' lang='lat' dir='ltr'>in</span> <span class='ocrx_word' id='word_1_327' title='bbox 1661 2722 1908 2763; x_wconf 85' lang='lat' dir='ltr'>Aristotelis</span> 
     </span>
     <span class='ocr_line' id='line_1_37' title="bbox 392 2793 1907 2853; baseline -0.003 -15"><span class='ocrx_word' id='word_1_328' title='bbox 392 2798 605 2840; x_wconf 90' lang='lat' dir='ltr'>rhetorica</span> <span class='ocrx_word' id='word_1_329' title='bbox 636 2798 905 2853; x_wconf 84' lang='lat' dir='ltr'>praefatione</span> <span class='ocrx_word' id='word_1_330' title='bbox 937 2797 1036 2839; x_wconf 90' lang='lat' dir='ltr'>edit.</span> <span class='ocrx_word' id='word_1_331' title='bbox 1070 2796 1200 2838; x_wconf 82' lang='lat' dir='ltr'>Basil.</span> <span class='ocrx_word' id='word_1_332' title='bbox 1230 2795 1342 2837; x_wconf 79' lang='lat'>1549</span> <span class='ocrx_word' id='word_1_333' title='bbox 1376 2795 1449 2836; x_wconf 87' lang='lat' dir='ltr'>fol.</span> <span class='ocrx_word' id='word_1_334' title='bbox 1475 2795 1548 2836; x_wconf 87' lang='lat' dir='ltr'>4r.</span> <span class='ocrx_word' id='word_1_335' title='bbox 1597 2793 1907 2835; x_wconf 83' lang='lat' dir='ltr'>Anaximenem</span> 
     </span>
     <span class='ocr_line' id='line_1_38' title="bbox 392 2863 1908 2921; baseline -0.003 -12"><span class='ocrx_word' id='word_1_336' title='bbox 392 2870 603 2910; x_wconf 89' lang='lat' dir='ltr'>inuenerit</span> <span class='ocrx_word' id='word_1_337' title='bbox 636 2872 851 2911; x_wconf 84' lang='lat' dir='ltr'>auctorem</span> <span class='ocrx_word' id='word_1_338' title='bbox 885 2884 934 2910; x_wconf 85' lang='lat' dir='ltr'>ex</span> <span class='ocrx_word' id='word_1_339' title='bbox 968 2868 1114 2910; x_wconf 89' lang='lat' dir='ltr'>eodem</span> <span class='ocrx_word' id='word_1_340' title='bbox 1147 2867 1289 2909; x_wconf 86' lang='lat' dir='ltr'>hercle</span> <span class='ocrx_word' id='word_1_341' title='bbox 1327 2868 1534 2921; x_wconf 88' lang='lat' dir='ltr'>scriptore</span> <span class='ocrx_word' id='word_1_342' title='bbox 1566 2865 1823 2906; x_wconf 86' lang='lat' dir='ltr'>rhetoricam</span> <span class='ocrx_word' id='word_1_343' title='bbox 1856 2863 1908 2904; x_wconf 89' lang='lat' dir='ltr'>ad</span> 
     </span>
     <span class='ocr_line' id='line_1_39' title="bbox 392 2936 1908 2993; baseline -0.003 -12"><span class='ocrx_word' id='word_1_344' title='bbox 392 2939 653 2981; x_wconf 88' lang='lat' dir='ltr'>Herennium</span> <span class='ocrx_word' id='word_1_345' title='bbox 698 2955 820 2981; x_wconf 89' lang='lat' dir='ltr'>suum</span> <span class='ocrx_word' id='word_1_346' title='bbox 866 2940 947 2981; x_wconf 87' lang='lat' dir='ltr'>sibi</span> <span class='ocrx_word' id='word_1_347' title='bbox 991 2942 1157 2993; x_wconf 88' lang='lat' dir='ltr'>patrem</span> <span class='ocrx_word' id='word_1_348' title='bbox 1203 2952 1328 2993; x_wconf 90' lang='lat' dir='ltr'>posse</span> <span class='ocrx_word' id='word_1_349' title='bbox 1372 2937 1562 2978; x_wconf 86' lang='lat' dir='ltr'>inuenire</span> <span class='ocrx_word' id='word_1_350' title='bbox 1607 2936 1792 2977; x_wconf 88' lang='lat' dir='ltr'>confisus</span> <span class='ocrx_word' id='word_1_351' title='bbox 1832 2937 1908 2977; x_wconf 86' lang='lat' dir='ltr'>est.</span> 
     </span>
    </p>
   </div>
  </div>
 </body>
</html>
