2003 3116
329 141 411 179 181)
906 140 1277 172 PROLEGOMENA.

329 247 457 288 naudi
490 248 715 300 propterea
749 246 849 299 quia
881 245 1015 298 inepti
1055 258 1146 285 esse
1178 245 1416 286 uideantur.
1477 244 1623 287 Veluti
1656 247 1672 287 Ι
1704 248 1769 300 10,
1793 249 1842 288 Π

327 317 379 358 ad
413 317 544 357 uerba
578 315 637 356 esi
672 331 720 356 ea
754 330 860 369 quae
892 314 1016 356 utilia
1045 318 1144 356 sunt
1176 316 1300 356 nobis
1328 315 1602 357 conuenient'
1638 318 1708 370 qui
1735 332 1845 359 com-

326 387 543 441 parauerit
577 387 702 427 Mart.
729 385 929 440 Capellae
971 402 1010 440 p.
1038 386 1212 439 188,15
1253 387 1350 427 edit.
1389 386 1599 440 Eyssenh.
1631 386 1689 428 ‘si
1720 389 1845 429 nobis

324 456 542 511 prosunt',
577 457 613 497 is
652 472 704 498 ne
743 457 816 497 illa
857 457 1026 511 quidem
1068 459 1116 497 ut
1153 457 1301 512 spuria
1339 457 1572 498 damnabit.
1638 457 1847 499 Attamen

325 527 398 582 qui
448 541 705 582 cognoscere
753 529 896 581 cupiet
947 542 1053 581 quos
1104 528 1221 568 locos
1266 528 1567 569 damnauerint
1611 543 1716 582 quos
1762 529 1846 570 alio

326 599 636 651 ‘transiecerint⁷
663 599 699 639 is
726 613 813 640 non
839 601 1044 652 nostram,
1071 598 1144 639 sed
1170 597 1352 653 Kayser-i
1381 601 1422 639 et
1441 597 1694 640 Friedrichii
1723 599 1848 641 adeat

327 669 581 711 editionem:
616 670 687 724 qui
720 670 824 711 haec
856 670 1162 724 prolegomena
1195 672 1390 711 accurate
1418 670 1648 725 perlegerit
1679 670 1716 711 is
1745 670 1849 711 sciet

327 756 351 781 a
392 739 585 795 Kaysero
634 743 676 781 et
714 739 939 781 Schuetzio
981 740 1068 781 fere
1113 754 1260 781 omnes
1305 740 1582 782 transitiones
1621 741 1847 795 omniaque

328 812 549 866 scriptoris
576 812 712 865 ipsius
741 811 1034 852 additamenta
1062 825 1154 852 esse
1181 811 1392 866 damnata,
1425 812 1478 853 ab
1506 811 1679 852 Halmio
1706 811 1848 852 omnia

328 883 628 936 supplementa
660 882 850 924 codicum
883 889 928 923 E.
991 882 1041 923 In
1081 882 1199 924 codd.
1239 882 1461 936 scripturis
1501 882 1725 924 afferendis
1757 897 1848 937 per-

325 968 462 1009 pauca
502 953 768 1008 negleximus
809 954 942 995 ueluti
975 955 1056 995 tet
1077 968 1097 995 c
1143 968 1164 995 e
1187 955 1228 994 et
1249 968 1296 994 ae
1335 953 1577 995 litterarum
1609 953 1849 1007 discrepan—

325 1025 430 1078 tias3
472 1025 516 1065 in
561 1025 784 1066 uocabulis
832 1025 971 1066 dubiis
1017 1025 1152 1066 ueluti
1195 1026 1371 1078 suspicio
1411 1025 1599 1066 indicare
1643 1024 1848 1066 lectiones

326 1095 508 1137 traditas
536 1096 671 1137 satius
699 1111 789 1137 esse
818 1096 1031 1137 duximus:
1063 1096 1107 1137 in
1135 1096 1387 1137 difficillimo
1415 1111 1581 1151 quoque
1608 1097 1700 1137 loco
1729 1095 1847 1137 codd.

329 1168 561 1221 scripturas
578 1181 705 1221 quam
726 1167 944 1221 potuimus
966 1167 1295 1222 diligentissime
1317 1167 1666 1208 examinauimus.
1699 1166 1847 1208 Testes

328 1240 429 1280 sunt
471 1253 577 1293 quos
618 1239 817 1292 precibus
862 1238 1143 1292 fatigauimus
1185 1241 1233 1278 ut
1274 1253 1322 1279 ex
1365 1239 1538 1279 incertis
1584 1240 1719 1279 certos
1762 1252 1847 1279 non

327 1309 552 1350 redderent
597 1308 724 1363 Hugo
770 1308 985 1350 Dessauer
1035 1308 1392 1363 Herbipolitanus
1431 1308 1583 1350 Victor
1636 1308 1849 1350 Iernstedt

327 1380 676 1434 Petropolitanus
710 1379 949 1421 Fridericus
990 1379 1222 1421 Leitschuh
1262 1379 1595 1433 Bambergensis
1630 1378 1847 1421 Gustauus

327 1450 437 1492 Nick
458 1449 824 1492 Darmstadiensis
842 1450 1052 1491 Martinus
1069 1449 1232 1492 Schanz
1253 1449 1604 1504 Herbipolitanus
1626 1450 1846 1491 Eduardus

328 1521 522 1563 Stroebel
560 1521 933 1577 Norimbergensis
976 1520 1013 1563 S.
1051 1521 1099 1562 G.
1133 1521 1182 1562 de
1221 1520 1347 1562 Vries
1386 1520 1618 1562 LeidensiS.
1686 1521 1744 1562 Et
1780 1521 1847 1562 his

328 1593 433 1634 uiris
462 1593 660 1634 omnibus
688 1596 728 1634 et
753 1593 981 1648 praefectis
1010 1593 1381 1643 bybliothecarum
1399 1591 1729 1646 Bambergensis
1751 1591 1847 1632 Ber-

327 1664 470 1705 nensis
492 1662 780 1705 Berolinensis
803 1663 1168 1705 Darmstadiensis
1197 1662 1494 1718 Gottingensis
1522 1662 1724 1704 Halensis
1745 1662 1848 1703 Her-

326 1735 592 1789 bipolitanae
630 1734 849 1776 Leidensis
896 1734 1032 1776 Musei
1080 1733 1308 1776 Brittanici
1352 1733 1571 1775 Parisinae
1614 1732 1849 1787 Petropoli-

325 1808 453 1847 tanae
481 1806 642 1861 gratias
676 1806 841 1861 agimus
869 1821 918 1846 ea
945 1821 1027 1860 qua
1063 1821 1140 1859 par
1160 1808 1224 1846 est
1250 1805 1408 1859 pietate
1437 1807 1479 1846 et
1505 1803 1652 1846 Ottoni
1679 1803 1848 1845 Gilbert

329 1876 744 1932 Gryphiswaldensis
790 1877 1087 1932 bybliothecae
1133 1876 1347 1930 praefecto
1391 1876 1485 1917 uiro
1536 1875 1847 1916 humanissimo

328 1947 540 1989 Guilelmo
568 1947 755 1989 Schmitz
783 1946 1027 1989 Coloniensi
1055 1948 1127 2002 qui
1153 1947 1198 1987 in
1227 1948 1341 1988 notis
1363 1946 1609 1988 Tironianis
1631 1946 1847 1987 soluendis

329 2020 542 2074 quondam
587 2034 665 2061 nos
700 2019 863 2060 adiuuit
901 2019 1208 2074 benignissime
1237 2018 1390 2060 Ottoni
1419 2017 1551 2060 Seeck
1586 2018 1721 2058 amico
1755 2017 1848 2058 doc-

327 2090 510 2144 tissimo,
543 2091 614 2144 qui
646 2091 746 2132 huic
777 2091 889 2132 libro
923 2090 1217 2144 componendo
1252 2105 1381 2144 opera
1414 2089 1551 2131 adfuit
1583 2091 1624 2129 et
1656 2088 1848 2130 consilio.

447 2196 691 2238 Scribebam
724 2196 819 2238 Kal.
851 2195 985 2251 April.
1023 2197 1147 2238 1893.

612 2267 994 2323 Gryphiswaldiae.
