2003 3116
672 133 1039 168 PROLEGOMENA.
1563 136 1619 177 23

99 256 174 295 pro
202 241 421 283 contrariis
447 240 676 283 secundum
701 241 744 283 H
770 243 980 297 contrarii,
1012 242 1072 284 IV
1100 243 1168 297 27,
1194 243 1247 285 37
1279 258 1357 298 pro
1383 244 1497 286 aliis:
1529 245 1618 300 alii,

94 312 136 354 Π
156 313 195 366 4,
213 313 235 353 7
262 327 339 366 pro
365 313 471 355 utris
489 326 580 367 que:
611 314 697 356 utri
715 327 800 368 que,
826 313 889 355 IV
913 316 950 369 1,
969 315 995 356 2
1022 329 1099 370 pro
1126 315 1369 358 domesticis:
1394 316 1617 372 domestico,

92 382 135 423 Π
167 383 235 438 30,
262 384 316 426 48
349 398 426 438 pro
458 384 622 427 multos:
654 386 798 436 multo,
836 384 898 427 IV
931 386 1000 440 26,
1026 386 1081 428 36
1113 400 1191 441 pro
1222 387 1417 441 acuisses:
1448 389 1617 443 uenisse,

99 455 161 505 17,
182 455 238 496 24
269 470 347 510 pro
373 456 561 499 uirtutes:
593 456 756 510 uirtute,
787 456 856 509 44,
879 457 933 498 56
965 472 1044 512 pro
1078 459 1464 512 arymnentationes:
1495 474 1615 515 arqu-

94 528 347 569 mentatione.

211 597 327 648 Quos
358 599 475 641 locos
508 599 602 640 ideo
636 600 875 641 accuratius
909 600 1155 642 enumeraui
1189 601 1288 656 quia
1319 601 1369 643 de
1403 603 1616 658 scriptura
1653 653 1659 665 ,

90 685 237 712 eorum
273 669 363 711 fere
402 669 592 712 omnium
636 669 821 712 editores
861 670 1111 713 dubitarunt
1157 673 1199 712 et
1247 672 1346 726 quia
1391 687 1442 715 ex
1485 674 1613 716 huius

88 741 222 796 ipsius
254 741 396 783 mendi
430 741 674 795 cognitione
713 741 998 783 certissimum
1032 742 1081 783 de
1120 742 1268 784 multis
1308 743 1414 785 locis
1454 746 1612 788 enasci-

88 816 159 855 tur
196 811 410 855 iudicium.
473 811 586 854 Nam
625 812 880 868 ubicumque
919 828 995 869 pro
1028 813 1068 856 U
1106 813 1253 855 littera
1293 812 1320 855 S
1359 829 1453 857 cum
1491 817 1612 859 resti-

87 884 219 926 tueris
258 883 471 926 sententia
509 898 614 925 sana
651 884 852 940 euaserit,
890 884 950 925 ibi
987 887 1101 926 recte
1140 886 1183 925 te
1222 885 1469 928 emendasse
1504 888 1610 930 scito

85 971 163 999 nec
200 971 249 998 eo
288 956 427 997 minus
465 958 578 998 recte
617 955 870 998 iudicaueris
911 956 1022 1011 quod
1060 956 1148 998 iam
1186 956 1356 998 saeculo
1389 957 1450 999 IX
1482 959 1609 1001 libra-

87 1028 173 1070 rios
212 1027 358 1070 eodem
396 1027 522 1069 modo
562 1027 810 1069 emendasse
851 1042 901 1068 ex
934 1026 1050 1070 codd.
1084 1030 1371 1070 correctorum
1410 1030 1544 1071 ueluti
1577 1030 1609 1072 C

85 1099 309 1155 scripturis
345 1099 509 1154 passim
548 1101 737 1153 apparet.
787 1097 934 1139 Veluti
966 1097 1028 1139 IV
1061 1091 1213 1153 25,?24
1252 1100 1367 1141 solus
1400 1099 1441 1141 H
1478 1100 1609 1143 habet

82 1171 206 1212 suani
235 1185 313 1225 pro
345 1171 471 1224 suasi,
497 1169 539 1210 II
571 1170 639 1225 30,
658 1170 714 1211 49
741 1169 853 1211 idem
887 1169 1002 1211 solus
1037 1171 1268 1224 attemerare
1300 1186 1376 1225 pro
1408 1175 1609 1228 stuprare,

84 1241 103 1283 Ι
133 1243 198 1297 12,
218 1242 272 1284 21
300 1249 346 1284 Μ
370 1241 524 1283 habuit
552 1241 734 1283 testibus
762 1239 906 1281 HPB:
939 1242 1039 1295 qnid
1068 1245 1113 1283 ut
1144 1243 1348 1297 minuerit,
1383 1243 1495 1298 quod
1522 1243 1608 1285 iam

85 1314 127 1355 in
173 1312 205 1356 C
248 1316 362 1355 recte
408 1312 680 1355 emendatum
726 1314 791 1354 est
836 1313 906 1367 qui
952 1312 1125 1355 exhibet
1167 1314 1268 1367 quid
1315 1314 1370 1356 sit
1415 1316 1608 1358 minuere.

81 1385 244 1427 Eodem
285 1384 410 1427 modo
449 1387 496 1426 ut
531 1399 581 1426 ex
621 1399 639 1425 s
673 1383 817 1425 littera
854 1398 1080 1438 perperam
1113 1385 1331 1428 intellecta
1363 1388 1511 1429 natum
1544 1390 1607 1429 est

83 1456 146 1499 IV
179 1456 246 1509 53,
268 1457 322 1499 66
361 1456 434 1498 ubi
471 1471 557 1510 pro,
588 1456 798 1497 inanimus
840 1456 1117 1508 transferatur
1147 1463 1192 1498 M
1227 1457 1380 1499 habuit
1420 1460 1605 1502 inanima

83 1531 130 1570 w}
161 1528 447 1582 trawsferatzcr,
481 1527 630 1570 eodem
663 1527 789 1569 modo
822 1530 895 1568 aut
919 1526 961 1568 ΙΙ
989 1527 1058 1582 25,
1079 1528 1133 1569 39
1161 1528 1233 1570 ubi
1260 1543 1336 1583 pro
1357 1532 1536 1583 potestas
1561 1530 1605 1572 in

79 1606 124 1641 M
149 1600 230 1641 fuit
247 1602 380 1654 potest
403 1602 486 1641 aut.
536 1598 604 1641 Ita
637 1598 782 1640 multis
816 1599 920 1641 locis
946 1599 1095 1640 turbas
1124 1614 1143 1641 s
1169 1600 1314 1641 littera
1347 1601 1462 1643 dedit
1494 1602 1604 1644 male

80 1686 104 1712 a
135 1671 312 1713 librario
350 1670 587 1712 intellecta:
628 1670 710 1712 duo
751 1672 919 1712 tantum
953 1671 1149 1726 exempla
1184 1674 1403 1726 postremo
1425 1673 1604 1717 addam.

77 1742 119 1784 Π
140 1743 207 1797 22,
223 1743 279 1785 34
298 1756 375 1797 pro
401 1742 574 1795 qzcoclm's
599 1741 643 1782 in
668 1747 714 1783 M
740 1740 823 1782 fuit
848 1741 956 1794 quod
980 1739 1041 1782 IV
1064 1741 1204 1793 34‚45
1229 1757 1307 1797 pro
1334 1757 1381 1785 ea
1406 1746 1603 1788 sumitur:

77 1815 264 1856 eamitzcr.
316 1813 432 1864 Quae
471 1813 624 1855 menda
663 1812 877 1868 quomodo
916 1815 1019 1854 nata
1059 1813 1144 1855 sint
1182 1814 1267 1855 iam
1308 1815 1441 1858 cuiuis
1478 1816 1602 1859 facile

77 1885 158 1927 erit
196 1885 248 1927 ad
288 1885 642 1940 intellegendum:
681 1900 808 1940 quam
848 1884 1019 1927 difficile
1061 1899 1164 1927 uero
1198 1886 1253 1928 sit
1286 1887 1338 1928 ad
1370 1887 1603 1931 diiudican-

77 1957 177 1999 dum
209 1971 303 1998 cum
337 1956 400 1999 IV
429 1957 568 2011 20,:28
601 1963 646 1999 Μ
677 1956 883 2011 praebeat
916 1957 1127 2012 inuidioso,
1166 1959 1452 2001 recentiorum
1484 1960 1600 2003 codd.

75 2027 270 2070 nonnulli
307 2029 517 2083 insidiose,
555 2028 596 2069 id
635 2032 738 2070 tunc
772 2028 942 2070 demum
975 2029 1201 2083 apparebit
1234 2044 1329 2072 cum
1365 2032 1458 2074 tota
1491 2033 1599 2075 codi-

76 2115 171 2142 cum
208 2100 319 2142 ratio
359 2100 439 2142 erit
476 2102 752 2155 pertractata.
803 2100 948 2155 Atque
987 2101 1023 2141 si
1057 2115 1307 2155 quaeremus
1342 2103 1479 2157 qualis
1512 2104 1598 2146 fere

75 2171 207 2213 fuerit
249 2171 388 2213 forma
429 2170 456 2213 S
498 2171 665 2213 litterae
710 2171 756 2212 in
800 2172 1031 2226 archetypo
1078 2171 1234 2214 codicis
1273 2180 1319 2215 M
1358 2189 1465 2229 quae
1509 2178 1598 2218 tam

75 2242 199 2284 facile
233 2257 328 2285 cum
361 2241 400 2284 U
432 2242 622 2298 potuerit
653 2242 875 2297 confundi,
913 2242 1026 2284 haud
1060 2242 1185 2285 facile
1225 2247 1341 2286 certa
1378 2245 1504 2288 huius
1536 2248 1598 2289 rei

75 2314 302 2368 explicatio
335 2314 579 2356 inuenietur
610 2313 693 2355 nisi
720 2314 830 2368 quod
857 2314 943 2355 iam
976 2328 1106 2369 supra
1139 2316 1369 2359 statuimus
1395 2318 1441 2359 in
1468 2319 1598 2374 scrip-

73 2388 172 2427 tura
215 2385 392 2440 capitali
436 2385 504 2428 uel
550 2385 709 2427 unciali
754 2384 842 2426 tale
892 2385 1045 2427 uitium
1089 2387 1207 2428 nasci
1257 2402 1342 2430 non
1391 2390 1594 2444 potuisse.

72 2456 210 2499 Multo
241 2457 410 2499 facilius
442 2458 487 2498 in
519 2457 733 2512 scriptura
766 2456 936 2499 cursiua
968 2460 1042 2499 aut
1073 2457 1117 2499 in
1149 2458 1436 2516 semiunciali‚
1468 2462 1542 2504 ubi
1575 2478 1593 2504 s

70 2529 240 2570 litterae
271 2543 414 2570 ramus
442 2531 619 2584 uterque
651 2528 743 2583 pari
776 2528 863 2570 fere
896 2529 1191 2583 magnitudine
1226 2534 1365 2574 exstat
1397 2533 1591 2576 diductus

71 2599 116 2640 in
157 2603 194 2640 T
233 2598 545 2655 Pythagoricae
593 2599 937 2642 similitudinem:
982 2601 1090 2642 conf.
1131 2601 1456 2646 Wattenbachii
1505 2605 1592 2647 An-

70 2669 254 2726 leitung4
273 2687 314 2726 p.
334 2671 402 2714 59.
447 2670 529 2713 Sed
561 2671 671 2714 hanc
697 2687 786 2713 rem
818 2671 1094 2727 peritioribus
1126 2673 1321 2729 relinquo
1355 2675 1407 2716 ad
1440 2675 1589 2718 diiudi-

71 2742 255 2786 candum
286 2742 368 2784 hoc
401 2757 531 2785 unum
564 2742 721 2785 addens
753 2758 963 2798 nusquam
994 2743 1180 2785 inueniri
1207 2742 1234 2785 S
1261 2744 1450 2788 litteram
1476 2748 1590 2802 posi-

71 2815 159 2855 tam
190 2828 267 2868 pro
301 2812 353 2870 U,
385 2814 458 2856 sed
490 2815 788 2857 tantummodo
814 2814 854 2857 U
881 2812 1027 2874 proS.
1078 2813 1241 2858 Contra
1271 2816 1470 2859 librarius
1499 2819 1588 2861 cod.

69 2890 114 2926 M
156 2884 391 2940 permirum
435 2886 517 2929 hoc
562 2887 779 2929 commisit
822 2887 993 2942 uitium,
1043 2890 1090 2929 ut
1135 2888 1385 2944 saepissime
1428 2905 1506 2945 pro
1548 2892 1585 2932 A
