2003 3116
709 133 1077 168 PROLEGOMENA.
1580 131 1658 171 171

143 242 259 284 tibus
291 240 536 295 trucidatis,
567 240 665 282 aliis
704 240 895 294 abreptis
927 241 972 282 in
1013 241 1303 296 seruitutem'‚
1336 240 1486 295 56169
1528 239 1539 258 ⁶

147 313 204 354 ali
237 327 333 355 cum
366 311 563 354 molestia
596 344 604 352 .
638 345 645 354 .
679 344 687 352 .
721 311 907 353 faciunt’
941 312 1064 353 alibi:
1096 312 1203 354 conf.
1233 327 1360 367 supra
1386 328 1425 367 p.
1447 311 1514 354 87.

261 383 311 425 In
327 383 540 425 aduerbiis
560 382 873 424 obseruandum
895 385 959 423 est
979 383 1090 437 quod
1111 398 1237 437 saepe
1259 383 1465 425 eiusmodi
1486 385 1664 438 usurpat
1682 393 1728 419 De
1748 391 1911 418 aduerbiis-

149 455 354 498 aduerbia
387 454 530 509 qualia
563 456 663 495 sunt
695 453 995 495 adcommodata
1025 455 1282 496 adcumulata>
1306 458 1546 497 commutate
1575 469 1664 496 con-

146 527 294 580 quise'te
318 526 552 579 confir-mate
577 538 758 578 ewpresse
781 525 970 578 inpunite
1000 525 1193 578 iuzsiym'te
1209 526 1406 578 perpolite
1432 526 1481 567 de
1509 526 1663 580 quibus

147 612 274 652 supra
312 596 477 651 egimus
522 611 562 650 p.
590 595 656 636 91.
725 595 1106 648 Infflaeseoztiarmn
1156 595 1381 649 1111,16
1426 597 1529 638 item
1568 612 1664 638 cum

143 668 312 723 Nepote
341 668 473 709 habet
503 680 726 708 commune
756 666 903 707 XXIII
925 667 1004 720 (³32
1029 691 1079 696 —
1107 681 1244 721 neque
1276 668 1386 708 enim
1408 669 1664 710 uetustiores

146 740 374 794 scriptores
407 752 521 779 nunc
554 752 771 779 moramur
797 752 935 793 neque
961 739 1214 793 posterioris
1242 739 1350 793 aeui,
1377 739 1447 780 sed
1480 741 1665 780 tantum-

144 811 269 852 modo
291 824 397 852 saec.
428 824 463 851 a.
490 808 565 850 Ch.
585 809 739 850 ultimo
762 809 833 863 qui
861 810 1057 850 uixerunt
1082 834 1131 839 —
1156 809 1218 850 IV
1235 811 1301 863 51,
1323 811 1379 851 64
1399 810 1664 851 restituimus

138 882 358 935 poster-{die
378 880 624 936 genetiuum
645 894 695 921 ex
717 880 892 934 optimis
914 880 1049 922 codd:
1082 880 1192 922 conf.
1207 881 1247 922 Il
1262 882 1302 934 4,
1320 883 1341 922 7
1359 883 1401 922 et
1416 881 1664 923 aduerbium

141 953 353 1008 diequinti,
372 951 439 993 III
463 952 595 1006 18‚31
619 952 765 1004 inceps.
816 950 1019 993 Variasse
1041 954 1185 993 autem
1207 952 1459 1007 scriptorem
1485 952 1526 993 iu
1556 952 1664 993 eius-

143 1024 257 1065 modi
283 1023 502 1065 uocabulis
530 1025 705 1077 propter
732 1021 1041 1076 ὁμοιοτέλευτα
1074 1026 1117 1065 et
1142 1024 1361 1078 παρόμοια
1388 1023 1454 1064 his
1482 1023 1666 1065 efficitur

147 1095 369 1149 exemplis:
402 1094 464 1136 IV
491 1094 558 1148 20,
578 1094 633 1136 28
666 1094 877 1135 audaciter
910 1095 1071 1148 posuit,
1104 1094 1202 1148 quia
1235 1095 1427 1149 sequitur
1458 1095 1666 1136 lumiliter

143 1169 348 1222 quattuor
376 1165 654 1220 syllabarum,
686 1164 750 1205 III
774 1166 839 1220 11,
864 1166 915 1207 19
943 1167 1148 1221 audacter,
1174 1165 1192 1206 I
1217 1166 1282 1220 11,
1308 1167 1358 1207 19
1387 1181 1485 1207 case(
1513 1168 1556 1207 et
1582 1166 1665 1207 for-

142 1238 266 1293 tuitu,
291 1237 333 1278 II
364 1238 428 1292 17,
449 1235 505 1278 25
535 1236 708 1278 fortuito
736 1238 809 1277 aut
835 1238 1096 1291 necessario,
1128 1241 1251 1278 antea
1279 1237 1527 1279 aduerbium
1554 1237 1665 1291 quod

142 1324 228 1351 non
259 1307 373 1364 fugit
410 1308 740 1349 Thielmannum
780 1308 954 1349 nonnisi
993 1307 1056 1350 IV
1083 1308 1121 1361 ἵ),
1145 1310 1166 1349 7
1207 1309 1368 1363 posuit,
1408 1308 1507 1363 quia
1548 1311 1666 1349 ante-

143 1380 254 1422 cedit
298 1382 458 1432 postea,
516 1382 645 1420 noctu
697 1394 751 1420 an
802 1379 987 1421 interdiu
1038 1379 1079 1420 Π
1112 1381 1158 1433 4,
1186 1380 1230 1421 7:
1283 1395 1412 1435 quare
1456 1380 1499 1420 in
1552 1380 1665 1420 exitu

144 1451 246 1492 libri
273 1450 332 1492 IV
362 1450 609 1504 scripsimus
637 1451 823 1492 distincte
847 1454 884 1492 et
907 1451 1102 1505 ordinate,
1127 1452 1246 1504 firme
1270 1455 1306 1492 et
1322 1454 1529 1505 perpetue:
1556 1450 1667 1492 conf.

143 1537 272 1577 supra
303 1537 341 1576 p.
363 1521 431 1563 91.

1550 240 1664 295 quod

258 1592 308 1634 In
341 1593 667 1647 pronominibus
708 1593 1014 1635 uocabulorum
1052 1608 1153 1635 suus
1189 1607 1230 1635 se
1270 1595 1303 1636 is
1339 1594 1660 1635 uicissitudines
1679 1592 1723 1617 ΒΟ
1742 1590 1916 1652 Prffissfniui

143 1665 299 1706 multas
344 1664 492 1705 turbas
536 1664 740 1708 fecerunt.
814 1665 961 1706 Veluti
1011 1665 1073 1706 IV
1108 1666 1182 1719 24,
1210 1666 1265 1707 33
1312 1665 1486 1719 scripsit
1531 1665 1666 1706 ‘Nam

143 1739 284 1777 utrum
319 1736 371 1776 ad
402 1734 539 1790 patris
573 1736 662 1777 eius
689 1736 870 1777 uirtutes
899 1736 1168 1791 confugietP'
1203 1737 1328 1778 sicuti
1350 1736 1495 1791 Nepos
1522 1736 1564 1777 ΙΙ
1586 1737 1665 1789 8,2

143 1806 252 1848 <Hic
285 1821 379 1848 cum
411 1809 589 1861 propter
621 1807 781 1849 multas
815 1808 904 1849 eius
930 1807 1113 1849 uirtutes
1147 1823 1305 1864 magna
1332 1823 1426 1849 cum
1456 1807 1666 1863 (lignitate

144 1877 339 1919 uiueret.'
400 1877 640 1933 Utrumque
684 1878 825 1920 locum
870 1881 945 1920 aut
991 1882 1213 1920 mutarunt
1251 1882 1325 1921 aut
1368 1879 1667 1920 deminuerunt

144 1950 341 1991 editores.
402 1948 564 1992 Contra
607 1964 649 1992 se
690 1950 879 2006 positum
925 1953 989 1992 est
1031 1966 1108 2006 pro
1153 1952 1190 1992 'is
1232 1950 1275 1991 ΙΙ
1302 1951 1452 2004 29,-16
1497 1949 1665 1992 ‘Simile

143 2020 347 2063 uitiosum
381 2023 446 2062 est
485 2021 597 2075 quod
630 2055 637 2062 .
674 2058 680 2065 .
713 2055 721 2063 .
755 2021 838 2063 sibi
876 2022 960 2076 ipsi
1000 2022 1123 2063 obest
1166 2023 1238 2077 qui
1277 2020 1441 2064 adfert?
1502 2021 1666 2063 Eodem

143 2092 270 2134 modo
302 2090 363 2133 IV
391 2092 476 2147 3‚5
508 2093 845 2147 intellegendum
885 2096 967 2134 est:
1007 2091 1146 2134 ‘Nam
1185 2094 1223 2134 si
1262 2108 1407 2135 eorum
1448 2092 1667 2133 uolumina

143 2163 393 2218 prenderint
435 2163 600 2218 antiqui
640 2166 833 2205 oratores
876 2167 918 2205 et
967 2166 1118 2220 poetae
1158 2167 1200 2205 et
1238 2179 1359 2206 suum
1401 2164 1578 2218 quisque
1616 2163 1666 2204 de

146 2234 268 2275 libris
303 2233 390 2275 suis
422 2234 581 2289 tulerit,
612 2234 720 2276 nihil
755 2235 848 2276 istis
881 2235 990 2290 quod
1031 2250 1152 2276 suum
1190 2236 1325 2276 uelint
1363 2233 1666 2290 relinquatur':

147 2305 221 2346 ubi
252 2306 299 2346 de
330 2305 447 2347 libris
470 2305 557 2347 suis
582 2312 631 2361 Ε,
661 2307 708 2347 de
733 2306 850 2348 libris
876 2307 956 2348 tuis
981 2306 1134 2348 habuit
1159 2314 1216 2360 Μ,
1249 2307 1320 2347 secl
1348 2321 1398 2347 ex
1426 2308 1667 2348 correctura

145 2376 331 2430 librarii,
370 2376 540 2430 opinor:
579 2391 679 2418 nam
721 2378 765 2418 in
805 2378 1048 2432 insequenti
1086 2378 1318 2419 sententia:
1360 2377 1435 2419 ‘At
1477 2377 1667 2431 exempla

146 2447 350 2501 quoniam
387 2447 734 2489 testimoniorum
769 2448 939 2503 similia
959 2449 1078 2490 sunt'
1113 2464 1146 2491 e.
1169 2448 1259 2504 qss.
1290 2449 1443 2490 habuit
1474 2455 1520 2490 M
1557 2450 1666 2489 teste

145 2517 188 2558 H
221 2517 313 2559 solo
354 2517 731 2572 interpolationem
773 2519 956 2560 similem
996 2519 1360 2561 ‘testimoniorum
1400 2518 1593 2560 tuorum'
1627 2521 1668 2558 et

144 2588 186 2629 II
216 2589 282 2641 14,
303 2588 358 2630 22
390 2587 432 2628 Η
465 2588 665 2630 similiter
698 2590 870 2631 exhibet
902 2590 1056 2631 uitiose
1094 2591 1293 2632 rationem
1331 2594 1455 2632 tetam.
1517 2589 1667 2643 Itaque

145 2660 259 2700 istud
291 2659 379 2701 suis
416 2659 604 2713 positum
644 2675 721 2713 pro
760 2674 898 2702 eorum
935 2675 1023 2702 non
1062 2661 1264 2702 audacius
1303 2664 1368 2702 est
1405 2675 1530 2715 quam
1569 2673 1669 2701 suus

147 2730 193 2771 in
218 2744 345 2771 uersu
371 2730 447 2772 illo
468 2729 624 2772 Naeuii
650 2731 700 2772 de
728 2730 950 2773 Africano:
977 2731 1109 2772 ‘Eum
1137 2747 1237 2772 suus
1265 2735 1386 2785 pater
1411 2745 1506 2772 cum
1533 2731 1667 2785 pallio

145 2816 231 2843 uno
264 2802 318 2842 ab
351 2801 488 2844 amica
522 2800 725 2844 abduxit?
782 2802 842 2843 At
873 2801 915 2842 II
941 2802 979 2857 5,
1001 2803 1026 2844 8
1060 2801 1126 2844 ‘se
1153 2805 1413 2844 commotum
1440 2801 1552 2843 esse'
1585 2802 1668 2843 huc

146 2872 358 2926 pertinere
388 2887 474 2914 non
506 2873 688 2915 uidetur.
750 2873 844 2915 Sese
874 2887 961 2915 non
994 2874 1214 2916 inuenitur
1245 2875 1331 2916 nisi
1361 2889 1439 2929 pro
1465 2873 1667 2915 reflexiuo
