2003 3116
724 100 1093 134 PROLEGOMENA.
1606 100 1661 141 85

143 206 451 262 copiosissimis
491 207 716 250 admodum
755 208 912 250 diuersi
945 223 1040 250 cum
1076 209 1251 250 minime
1284 223 1333 250 ex
1369 209 1516 250 eodem
1550 209 1659 251 libro

143 278 303 333 sumpti
330 279 416 320 sint
442 294 524 333 quo
550 280 769 334 prooemia
796 279 868 321 sed
896 278 1126 321 secundum
1154 279 1503 323 consuetudinem
1532 294 1659 334 quan-

143 348 240 390 dam
261 349 390 391 uilem
411 353 453 392 et
472 351 691 405 uulgarem
712 351 800 393 ficti
828 365 920 392 esse
941 351 1178 393 uideantur.
1218 350 1329 393 Satis
1352 354 1494 393 autem
1514 351 1660 405 inepte

141 420 186 460 in
217 421 376 477 epilogi
407 421 508 463 libri
538 420 560 463 I
593 421 645 462 ad
677 421 775 463 Her.
813 423 1051 476 maym'tudo
1083 423 1309 464 uoluminis
1341 422 1467 464 sicuti
1499 423 1544 464 in
1575 422 1658 464 Ne—

140 491 255 546 potis
293 492 560 547 praefatione
599 493 863 534 excusationi
904 496 969 534 est
1007 493 1224 535 breuitati.
1285 493 1488 548 Inprimis
1525 494 1658 535 consi-

140 561 349 604 derandus
382 566 446 604 est
478 563 579 604 libri
611 563 654 604 II
688 563 740 604 ad
773 563 873 605 Her.
906 564 1044 605 exitus
1077 564 1166 605 ille:
1200 564 1327 605 ‘Fere
1359 565 1476 606 locos
1509 565 1655 607 obscu-

138 633 333 675 rissimos
358 634 491 675 totius
523 634 693 675 artificii
725 635 1007 676 tractauimus
1041 635 1085 675 in
1117 635 1198 676 hoc
1231 635 1362 676 libro:
1395 639 1658 690 quapropter

136 704 234 746 huic
266 704 475 746 uolumini
506 705 656 747 modus
695 705 764 747 hic
804 705 877 760 sit,
915 706 1102 760 reliquas
1137 706 1477 760 praeceptiones,
1516 708 1655 761 quoad

135 774 361 830 uidebitur,
392 775 436 817 in
463 776 595 817 alium
624 776 782 817 librum
815 776 1149 818 transferemus.²
1199 777 1332 826 Quem
1366 777 1535 819 uidetur
1566 779 1655 820 imi-

134 848 251 888 tatus
296 861 388 888 esse
427 847 699 903 Augustinus
738 847 783 888 in
823 847 1003 902 epilogis
1044 848 1142 889 libri
1182 848 1201 889 Ι
1241 851 1283 889 et
1315 847 1357 889 II
1391 848 1440 889 de
1477 849 1555 891 ciu.
1588 850 1655 891 dei

133 917 200 959 his
233 918 392 960 uerbis:
431 918 534 960 eHic
566 919 709 974 itaque
744 918 892 960 modus
927 919 983 960 sit
1015 919 1140 960 huius
1173 919 1426 973 uoluminis,
1463 922 1510 961 ut
1542 919 1654 961 dein-

133 1003 231 1043 ceps
269 989 478 1043 disposita
523 991 575 1031 ab
621 990 705 1031 alio
752 1005 969 1031 sumamus
1010 989 1204 1031 exordio'
1245 994 1287 1031 et
1326 990 1417 1033 ³...
1456 991 1652 1046 deinceps

132 1060 371 1102 uidebimus
404 1064 452 1102 ut
482 1061 552 1103 hic
585 1062 641 1102 sit
672 1061 798 1102 huius
831 1062 1063 1103 uoluminis
1097 1060 1273 1102 modus?

249 1131 404 1174 Insunt
435 1133 568 1188 igitur
600 1133 645 1173 in
682 1133 896 1174 rhetorica
930 1133 982 1174 ad
1016 1132 1116 1174 Her.
1150 1134 1377 1187 praecepta
1415 1135 1458 1174 et
1493 1133 1652 1179 dictata

132 1202 327 1258 magistri
355 1204 480 1246 modo
503 1204 556 1246 ad
581 1204 758 1245 uerbum
788 1219 811 1245 a
838 1204 1046 1258 discipulo
1074 1204 1358 1258 transscripta
1381 1204 1508 1246 modo
1534 1205 1652 1259 paul-

129 1274 262 1315 lulum
283 1278 450 1317 mutata
472 1278 513 1316 et
534 1275 838 1318 additamentis
859 1276 1207 1317 transscribentis
1229 1278 1365 1317 aucta.
1411 1275 1556 1317 Veluti
1583 1276 1652 1318 ad-

129 1345 399 1388 hortationes
425 1347 522 1389 illae
551 1361 657 1402 quae
683 1348 845 1402 passim
872 1347 1150 1388 inueniuntur
1182 1361 1232 1388 ex
1266 1361 1338 1388 ore
1371 1347 1556 1389 doctoris
1585 1363 1650 1389 ac-

129 1417 241 1471 cepit
268 1432 392 1472 quem
420 1421 588 1460 secutus
616 1418 887 1460 commendat
919 1418 1269 1460 exercitationem
1302 1417 1366 1459 III
1393 1418 1462 1473 24,
1482 1418 1557 1460 40:
1591 1417 1649 1460 ein

129 1488 390 1544 imaginibus
412 1490 685 1532 conlocandis
708 1490 895 1531 exerceri
917 1489 1071 1531 cotidie
1093 1488 1308 1531 conuenit'
1327 1492 1384 1530 et:
1407 1488 1468 1530 ‘tu
1488 1490 1648 1544 primas

127 1574 316 1614 quasque
342 1564 486 1615 partes
514 1561 556 1602 in
578 1561 719 1602 animo
739 1560 967 1616 frequenta
987 1564 1029 1602 et
1050 1561 1161 1616 quod
1182 1561 1366 1602 maxime
1390 1575 1562 1602 necesse
1583 1563 1648 1603 est

126 1631 430 1674 exercitatione
470 1632 698 1674 confirma'
735 1632 860 1674 sicuti
894 1631 1127 1687 Dionysius
1167 1631 1564 1674 Halicarnassensis
1603 1633 1647 1674 111

124 1703 297 1759 epilogo
323 1703 421 1745 libri
449 1704 499 1745 de
526 1718 712 1758 compos.
738 1704 966 1745 uerborum
999 1703 1048 1745 ad
1077 1703 1289 1744 Metilium
1316 1702 1477 1745 Rufum
1504 1702 1527 1746 ².
1551 1737 1559 1745 .
1580 1736 1588 1745 .
1610 1706 1650 1746 εἰ

124 1775 425 1829 βουληθειής,’
451 1776 601 1831 inquit,
630 1775 883 1818 εσυνασκεῖν
909 1774 1015 1817 αὐτὸ
1041 1781 1135 1824 ταῖς
1159 1770 1261 1816 καθ’
1288 1773 1454 1830 ἡμέραν
1480 1791 1645 1830 γυμνα-

124 1846 253 1895 σίαις·
283 1844 410 1901 (conf.
438 1845 524 1888 Cic.
551 1845 670 1889 Brut.
697 1847 765 1900 90,
786 1845 890 1902 310)
919 1846 972 1888 οὐ
999 1847 1081 1901 γὰρ
1108 1846 1300 1900 αὐτάρκη
1327 1847 1379 1887 τὰ
1404 1845 1644 1901 παραγγέλ-

122 1931 233 1971 ματα
274 1924 363 1959 τῶν
403 1925 570 1973 τεχνῶν
609 1917 700 1960 ἐστι
742 1918 919 1968 δεινοὺς
960 1917 1286 1971 ἀνταγωνιστὰς
1323 1924 1501 1972 ποιῆσαι
1542 1919 1646 1968 τοὺς

123 1987 425 2043 βουλομένους
464 1990 563 2044 δίχα
603 1988 782 2044 μελέτης
819 2005 863 2031 τε
902 1987 974 2031 καὶ
1012 1987 1274 2044 γυμνασιάς’
1315 1992 1402 2030 κτλ.
1449 1990 1558 2030 conf.
1592 1990 1642 2030 ad

121 2059 220 2102 Her.
240 2061 266 2102 1.
288 2075 335 2102 s.:
370 2060 479 2102 ‘cum
511 2061 556 2102 in
588 2062 702 2103 omni
729 2061 954 2115 disciplina
980 2061 1148 2101 infirma
1175 2063 1240 2101 est
1267 2060 1371 2102 artis
1397 2060 1642 2115 praeceptio

122 2131 214 2172 sine
247 2147 414 2173 summa
452 2131 708 2173 adsiduitate
749 2131 1085 2173 exercitationis'
1113 2146 1145 2173 e.
1167 2146 1205 2186 q.
1227 2146 1258 2173 s,
1304 2131 1442 2181 Quam
1476 2134 1640 2172 senten-

120 2202 227 2244 tiam
260 2202 356 2244 aliis
389 2202 496 2245 locis
528 2203 588 2245 ita
620 2203 743 2258 ponit
776 2206 823 2244 ut
856 2217 940 2245 non
974 2203 1056 2244 soli
1088 2201 1305 2244 Herennio
1334 2202 1407 2244 sed
1433 2202 1516 2256 ipsi
1544 2216 1641 2256 quo-

121 2288 200 2328 que
234 2273 432 2328 scriptori
464 2277 732 2329 proponatur
764 2274 980 2329 sequenda
1013 2274 1121 2316 conf.
1147 2272 1169 2315 I
1197 2275 1234 2328 1,
1256 2275 1277 2315 1
1324 2273 1366 2314 II
1392 2274 1431 2327 4,
1454 2274 1490 2315 7.
1532 2274 1640 2326 8,12

119 2344 181 2385 ΠΙ
210 2345 276 2400 15,
296 2345 350 2386 27
397 2344 454 2386 IV
479 2345 547 2401 56,
568 2346 622 2387 69
639 2346 716 2388 bis.
762 2345 910 2401 Neque
937 2346 1052 2387 enim
1077 2347 1125 2387 ut
1151 2347 1404 2400 praeceptor
1431 2345 1639 2400 discipulo

120 2416 219 2457 dare
264 2419 492 2471 praecepta
535 2417 677 2459 uoluit
722 2418 923 2472 scriptor,
969 2417 1040 2458 sed
1086 2419 1259 2471 accepta
1302 2431 1326 2457 a
1363 2418 1640 2471 praeceptore

119 2487 432 2528 communicare
472 2503 566 2529 011111
605 2491 789 2544 cognato
829 2492 877 2530 ut
916 2490 1124 2543 cognatus
1163 2490 1205 2529 et
1243 2487 1492 2542 discipulus:
1531 2487 1639 2529 conf.

118 2558 181 2600 III
211 2558 291 2613 1,1
333 2558 524 2600 eInterea
560 2560 700 2613 prima
732 2574 924 2615 quaeque
963 2563 1005 2601 et
1042 2559 1264 2601 nobiscum
1304 2573 1399 2600 cum
1438 2559 1556 2601 uoles
1596 2561 1637 2600 et

117 2630 332 2671 interdum
378 2630 469 2670 sine
513 2630 640 2672 nobis
686 2631 866 2685 legendo
912 2644 1169 2685 consequere
1212 2630 1369 2684 nequid
1420 2629 1637 2684 inpediare

119 2701 221 2755 quin
261 2701 312 2742 ad
349 2701 460 2742 hanc
498 2701 730 2742 utilitatem
776 2701 937 2756 pariter
973 2701 1196 2742 nobiscum
1237 2701 1437 2756 progredi
1478 2700 1637 2755 possis'

119 2774 161 2813 et
185 2770 229 2812 II
255 2772 323 2827 31,
344 2771 400 2813 50
426 2770 548 2813 ‘haec
576 2805 610 2813 ..
635 2805 643 2813 .
674 2775 723 2813 tu
749 2772 977 2828 diligenter
1003 2774 1044 2813 et
1069 2772 1290 2814 nobiscum
1325 2774 1367 2812 et
1392 2771 1482 2814 sine
1509 2773 1634 2814 nobis

117 2842 436 2885 considerabis?
463 2846 552 2884 tum
576 2842 637 2885 IV
658 2843 725 2899 56,
745 2844 799 2885 69
821 2858 928 2899 quae
956 2844 1085 2885 uerba
1112 2844 1304 2886 omnium
1332 2845 1487 2886 summi
1513 2846 1636 2886 erunt
