2003 3116
309 125 392 166 152
883 120 1250 155 PROLEGOMENA.

307 233 473 275 Plotius
511 231 584 272 ille
623 232 722 272 ante
755 228 977 283 Nigidium
1011 227 1061 268 de
1094 229 1219 282 gestu
1252 226 1434 282 scripsit.
1494 224 1648 269 Artem
1680 230 1823 270 autem

307 303 427 344 illam
465 302 669 343 Graecam
711 314 794 355 qua
837 300 1089 354 praeceptor
1130 297 1355 352 scriptoris
1397 297 1450 339 ad
1487 296 1588 339 Her.
1620 313 1721 340 usus
1760 300 1826 340 est

307 372 450 414 Latini
499 371 693 413 rhetores
743 370 903 413 multos
952 384 1029 426 per
1077 383 1211 411 annos
1257 369 1489 411 etiamtunc
1533 368 1669 410 secuti
1714 372 1826 412 sunt.

309 443 597 493 Quintilianus
644 442 757 484 enim
801 440 867 483 III
901 441 939 495 6,
970 440 1028 483 45
1071 440 1178 482 haec
1221 440 1354 482 tradit
1398 439 1448 482 de
1494 439 1679 481 statibus
1721 454 1828 494 quae

306 515 433 570 plane
466 528 561 556 cum
593 513 814 568 scriptoris
843 512 896 555 ad
922 510 1021 554 Her.
1049 511 1242 554 doctrina
1269 511 1556 554 consentiunt:
1589 510 1615 553 ².
1636 542 1645 552 .
1665 543 1674 552 .
1695 510 1829 552 secuti

309 585 545 628 Antonium
580 585 769 641 apertius
800 584 1027 626 uoluerunt
1054 583 1224 625 eosdem
1252 585 1392 625 status
1420 581 1696 638 distinguere.
1744 581 1830 624 Ita-

310 672 390 712 que
438 657 635 698 dixerunt
679 654 1028 709 coniecturalem,
1074 654 1280 710 legalem,
1324 653 1622 696 iuridicialem:
1672 654 1745 709 qui
1789 655 1831 694 et

307 727 516 784 Verginio
553 725 745 782 placent'
779 741 811 768 e.
839 741 877 781 q.
906 740 937 769 s,
977 725 1085 768 conf.
1119 740 1247 781 supra
1285 741 1324 780 p.
1362 726 1456 767 124.
1511 725 1664 780 Itaque
1705 724 1831 767 sicuti

311 814 439 854 supra
480 814 520 853 p.
556 799 637 840 123
680 798 1071 840 demonstrauimus
1114 796 1397 839 uetustiorem
1443 798 1577 839 artem
1623 795 1831 838 Graecam

310 870 434 913 nobis
468 873 684 912 seruatam
714 884 805 912 esse
838 869 883 911 in
914 869 1035 911 libris
1070 869 1123 911 ad
1147 867 1262 922 Her.,
1294 869 1603 923 prouectiorem
1634 868 1679 909 in
1710 866 1831 909 libris

312 941 528 984 Ciceronis
573 941 623 983 de
661 941 766 996 inu⁸7
811 955 907 983 cum
951 941 1052 983 libri
1097 940 1150 982 ad
1188 939 1287 982 Her.
1326 942 1426 995 post
1464 938 1681 982 Ciceronis
1727 953 1833 994 opus

312 1013 545 1068 conscripti
575 1014 672 1068 sint,
703 1012 815 1054 idem
848 1012 892 1054 in
925 1012 1107 1054 aliorum
1141 1026 1306 1067 quoque
1333 1011 1586 1053 Latinorum
1612 1010 1835 1052 rhetorum

313 1084 445 1126 ueluti
469 1083 667 1139 Verginii
695 1083 811 1124 illius
840 1082 952 1124 cadit
979 1081 1219 1124 doctrinam
1245 1081 1505 1124 rhetoricam
1533 1083 1673 1123 aetate
1700 1081 1834 1123 multo

312 1155 570 1198 inferiorem.
636 1154 754 1205 Quae
805 1154 1019 1196 sententia
1070 1154 1106 1195 si
1157 1153 1224 1195 cui
1276 1152 1519 1209 admodum
1554 1155 1750 1196 contorta
1794 1155 1837 1195 et

312 1242 464 1282 parum
497 1227 678 1281 simplex
711 1225 944 1280 uidebitur,
975 1225 1010 1266 is
1045 1224 1283 1267 consideret
1314 1239 1491 1280 quaeso,
1524 1224 1837 1280 Apollodorum

312 1298 627 1353 Pergamenum
667 1297 756 1339 sine
791 1295 918 1337 dubio
960 1296 1168 1338 nonnulla
1201 1296 1254 1337 ab
1286 1295 1556 1351 Hermagora
1588 1296 1762 1337 inuenta
1794 1296 1838 1336 in

316 1384 437 1412 suam
471 1371 608 1411 artem
642 1367 890 1411 adsciuisse:
925 1367 1181 1422 Apollodori
1215 1370 1353 1409 artem
1386 1366 1429 1409 C.
1451 1367 1657 1423 Valgium
1687 1366 1838 1409 Latine

316 1443 455 1483 aetate
506 1441 693 1496 Augusti
743 1440 1075 1495 interpretatum
1126 1453 1237 1494 esse,
1287 1438 1581 1495 Hermagorae
1633 1437 1839 1481 Sanctum

316 1513 607 1568 Augustinum
640 1512 858 1553 rhetorem
889 1511 1085 1566 inprimis
1119 1510 1237 1566 sequi
1268 1513 1507 1566 praecepta.

434 1583 598 1625 Deinde
632 1598 681 1625 ex
707 1585 800 1625 tota
827 1582 966 1637 operis
994 1582 1109 1623 illius
1141 1581 1193 1623 ad
1219 1581 1319 1625 Her.
1346 1581 1591 1624 condicione
1618 1584 1660 1623 et
1685 1584 1841 1625 natura

317 1655 368 1697 ad
407 1657 730 1710 praeceptorem
770 1652 980 1709 quendam
1018 1653 1089 1694 uia
1128 1668 1177 1695 ac
1213 1653 1382 1696 ratione
1422 1652 1666 1695 deducimur
1706 1653 1778 1708 qui
1814 1667 1838 1694 a

316 1729 439 1782 parte
479 1725 524 1769 C.
551 1725 677 1767 Marii
715 1727 757 1766 et
789 1723 834 1767 C.
862 1723 1039 1780 Sulpicii
1080 1725 1258 1767 steterit.
1320 1724 1412 1766 Iam
1450 1724 1667 1780 Kayserus
1709 1724 1761 1765 ad
1798 1722 1841 1764 II

318 1800 387 1854 28,
412 1797 469 1840 45
508 1798 580 1839 ubi
621 1797 670 1839 de
709 1794 888 1850 Sulpicii
933 1795 1117 1851 quodam
1162 1796 1267 1837 uitio
1313 1810 1408 1837 cum
1454 1798 1595 1837 actum
1640 1795 1696 1836 sit
1735 1794 1841 1836 haec

319 1869 489 1911 additur
534 1868 769 1911 excusatio:
811 1865 988 1909 ‘Verum
1032 1866 1095 1908 illi
1140 1866 1323 1909 fortasse
1366 1866 1630 1922 ignoscimus
1670 1866 1706 1909 si
1744 1881 1838 1908 cum

320 1955 448 1984 causa
480 1940 599 1982 fecit:
639 1954 717 1982 nos
751 1942 898 1981 tamen
930 1938 1228 1993 intellegamus
1260 1937 1465 1980 uitiosum
1498 1952 1590 1980 esse
1623 1937 1841 1980 intendere

321 2012 660 2055 controuersiam
697 2012 875 2066 propter
912 2010 1136 2052 nominum
1179 2009 1579 2052 commutationem'
1618 2011 1733 2052 recte
1772 2009 1842 2051 ad-

319 2084 504 2126 notauit:
538 2083 675 2125 taudis
707 2082 927 2124 hominem
953 2080 1245 2123 Marianarum
1279 2080 1494 2136 parisium?
1539 2080 1673 2130 Quem
1705 2082 1843 2123 locum

321 2155 494 2197 uberius
541 2154 729 2197 exsecuti
773 2155 874 2195 sunt
913 2151 1248 2195 RKroehnertus
1289 2152 1338 2194 de
1380 2152 1605 2194 rhetoricis
1655 2152 1707 2194 ad
1745 2152 1845 2194 Her.

322 2227 565 2282 Regimont.
594 2226 707 2268 1873
740 2224 1043 2267 Bochmannus
1075 2224 1103 2266 l.
1130 2238 1162 2266 s,
1191 2238 1221 2266 s.
1248 2224 1334 2266 alii.
1386 2223 1527 2279 Atque
1561 2238 1611 2265 ex
1643 2224 1702 2266 eis
1736 2238 1843 2279 quae

323 2312 452 2352 supra
484 2312 522 2352 p.
554 2297 636 2338 106
674 2297 724 2337 de
765 2295 1148 2337 declamationibus
1189 2294 1406 2349 disputaui
1444 2295 1549 2337 satis
1589 2295 1740 2349 opinor
1771 2310 1844 2349 ap-

323 2367 466 2423 paruit
501 2367 711 2410 nobilium
754 2366 867 2408 filios
912 2381 1007 2408 cum
1051 2366 1261 2421 scriptore
1308 2365 1360 2407 ad
1396 2364 1499 2408 Her.
1536 2380 1619 2407 una
1661 2365 1845 2407 exerceri

325 2439 437 2495 apud
476 2439 658 2481 eundem
697 2437 914 2480 doctorem
952 2437 1126 2478 minime
1166 2437 1316 2479 solitos
1355 2451 1463 2479 esse:
1508 2437 1617 2479 conf.
1649 2436 1844 2491 inprimis

326 2509 615 2552 Gracchorum
660 2508 882 2552 Saturnini
926 2507 1056 2550 Drusi
1101 2507 1281 2562 Sulpicii
1325 2507 1472 2549 laudes
1514 2506 1577 2549 IV
1609 2508 1678 2562 22,
1704 2508 1756 2549 31
1805 2509 1846 2548 et

326 2583 545 2624 oratorum
583 2581 827 2636 catalogum
867 2580 938 2635 qui
978 2581 1119 2621 exstat
1149 2577 1211 2621 IV
1238 2578 1276 2634 5,
1304 2579 1326 2620 7
1362 2593 1458 2620 cum
1491 2577 1647 2620 Velleii
1679 2592 1860 2619 enume-.

326 2653 489 2695 ratione
525 2652 638 2694 119:
684 2666 767 2707 quo
806 2651 920 2694 facto
961 2666 1090 2706 quam
1128 2649 1274 2692 sedulo
1313 2650 1382 2692 ille
1422 2649 1629 2692 nobilium
1670 2649 1845 2690 nomina

328 2725 459 2766 ueluti
492 2723 646 2766 Fannii
678 2722 826 2765 Scauri
853 2722 1016 2764 Metelli
1044 2721 1262 2765 Numidici
1295 2721 1468 2763 euitarit
1498 2720 1625 2763 facile
1657 2723 1846 2775 apparet.

328 2793 552 2837 Praeterea
589 2794 808 2837 Cornificii
850 2794 964 2835 illius
1004 2796 1046 2836 et
1083 2792 1291 2835 Herennii
1329 2792 1504 2834 nomina
1540 2791 1710 2846 plebeia
1748 2794 1846 2834 sunt

332 2867 374 2906 et
405 2868 626 2919 tamquam
658 2865 863 2907 Mariana.
925 2864 1039 2906 Nam
1072 2863 1286 2906 Cornificii
1323 2865 1474 2919 postea
1508 2862 1620 2904 inter
1652 2861 1844 2905 Caesaris
