2003 3116
709 100 1077 135 PROLEGOMENA.
1575 97 1658 138 145

139 211 438 253 institutorum
473 210 792 266 neglegentiam
826 212 1011 265 accusat,
1040 209 1205 251 nullam
1237 209 1398 250 certam
1430 210 1504 249 aut
1530 206 1659 248 desti-

137 284 284 324 natam
315 282 485 338 legibus
513 284 588 323 aut
618 281 787 337 publice
815 280 1055 337 expositam
1084 282 1158 322 aut
1182 294 1310 321 unam
1343 278 1533 321 omnium
1567 292 1659 320 esse

137 353 392 395 uoluerunt?
453 352 571 409 Ergo
611 353 648 394 si
688 353 866 407 denique
904 353 966 394 ita
1006 352 1227 395 edixerunt
1268 365 1464 393 censores
1507 364 1579 392 eos
1618 351 1661 391 et

138 424 280 479 inepte
325 428 369 466 et
411 424 555 479 inique
600 424 782 465 edixisse
828 424 933 465 satis
979 437 1047 464 me
1092 423 1279 465 arbitror
1328 421 1661 464 demonstrasse:

137 498 282 538 tamen
312 510 365 537 ne
398 495 588 550 spurium
621 494 727 553 illud
761 494 948 536 edictum
984 496 1026 535 et
1058 509 1082 535 a
1112 493 1366 549 posterioris
1399 492 1558 535 saeculi
1588 493 1661 535 ho-

138 568 252 609 mine
279 566 463 622 quodam
488 568 648 607 temere
675 565 901 607 confictum
930 579 1022 607 esse
1050 564 1188 606 dicam
1221 565 1339 606 nulla
1370 579 1414 605 re
1446 564 1662 605 deterreor

137 638 219 680 nisi
252 636 510 679 ualidiorum
542 639 586 678 et
616 636 854 678 firmiorum
887 638 1240 692 argumentorum
1272 635 1430 690 inopia.

258 707 340 751 Sed
379 709 468 750 siue
501 706 696 750 Ciceroni
733 708 860 750 fidem
899 707 1153 750 habebimus
1188 707 1276 749 siue
1317 706 1444 748 edicti
1478 706 1660 748 auctori-

138 781 234 836 bus,
278 795 328 822 ex
365 783 545 835 utroque
583 782 861 822 monumento
901 778 1179 821 manifestum
1217 777 1298 819 erit
1334 792 1422 820 non
1461 776 1661 819 Crassum

138 852 294 908 solum,
334 851 406 894 sed
446 852 575 894 etiam
615 851 827 906 collegam
872 851 943 906 qui
975 850 1150 892 minime
1189 849 1253 891 illi
1291 849 1334 891 in
1368 864 1418 891 ea
1449 863 1493 890 re
1532 848 1660 890 refra-

138 926 266 980 gatus
313 924 369 965 sit
411 922 571 965 infesto
625 923 767 965 animo
821 922 953 965 fuisse
996 923 1041 964 in
1085 921 1263 964 Latinos
1315 920 1414 962 illos
1458 920 1663 962 rhetores.

137 996 278 1050 Atque
312 994 517 1050 scriptum
550 995 721 1050 quidem
755 997 820 1037 est
851 994 897 1036 in
928 994 1005 1036 illo
1039 993 1177 1036 edicto
1210 992 1386 1034 ‘nouum
1413 1006 1547 1048 genus
1580 992 1662 1033 dis-

136 1066 333 1121 ciplinae'
371 1065 567 1108 homines
609 1065 868 1108 instituisse:
916 1065 1089 1107 difficile
1127 1079 1230 1107 uero
1269 1066 1335 1106 est
1372 1064 1663 1105 demonstrare

137 1137 238 1194 quid
264 1138 460 1180 rhetores
493 1137 559 1178 illi
585 1137 729 1179 Latini
762 1137 1023 1180 nouauerint
1054 1137 1097 1178 in
1125 1135 1326 1178 docendo.
1377 1133 1525 1189 Neque
1552 1134 1664 1175 enim

138 1209 231 1252 sola
257 1208 419 1251 Graeca
450 1210 599 1265 lingua
624 1224 725 1251 usos
754 1224 846 1252 esse
872 1209 916 1250 in
945 1208 1134 1252 docendo
1164 1207 1356 1250 Caelium
1382 1206 1663 1260 Antipatrum

135 1281 203 1323 uel
225 1280 430 1336 Opillium
451 1281 674 1323 Aurelium
702 1281 816 1323 credi
842 1282 988 1337 potest
1013 1295 1149 1336 neque
1174 1279 1238 1321 M:
1252 1277 1490 1321 Antonium
1510 1276 1665 1319 Latina

137 1353 285 1408 lingua
304 1353 462 1395 librum
482 1353 603 1395 illum
626 1353 931 1408 conscripsisse
951 1367 1039 1394 non
1060 1354 1241 1394 constat.
1283 1349 1348 1392 Ne
1369 1349 1472 1391 illud
1494 1348 1663 1403 quidem

137 1424 251 1467 credi
292 1426 437 1479 potest
474 1424 549 1472 illo
594 1427 786 1480 tempore
830 1425 1016 1479 primum
1061 1423 1184 1465 ludos
1224 1421 1462 1464 rhetoricos
1502 1419 1665 1461 Romae

138 1496 355 1538 exstitisse
393 1496 596 1551 quoniam
624 1495 854 1538 Suetonius
887 1496 936 1537 de
963 1494 1112 1551 Opillii
1145 1494 1292 1536 schola
1325 1492 1378 1534 ab
1412 1506 1460 1534 eo
1488 1491 1666 1533 dimissa

137 1568 306 1610 rettulit
348 1582 486 1623 neque
529 1567 760 1623 probabile*
797 1570 863 1609 est
902 1567 955 1609 ab
997 1566 1086 1608 illis
1131 1564 1374 1607 rhetoribus
1420 1564 1666 1605 controuer-

139 1640 298 1682 siarum
338 1638 687 1681 exercitationem
727 1640 910 1694 primum
945 1640 1198 1693 usurpatam
1233 1650 1344 1678 esse:
1377 1634 1487 1677 conf.
1523 1632 1666 1675 Senec.

138 1714 329 1753 controu.
374 1711 393 1752 I
432 1711 566 1766 praef.
602 1712 652 1752 11
677 1725 791 1767 seqq.
830 1709 943 1752 Suet.
983 1726 1023 1766 p.
1060 1710 1160 1761 122,
1193 1709 1250 1750 24
1282 1707 1332 1748 R.
1379 1705 1464 1748 Cic.
1509 1705 1560 1746 de
1606 1719 1666 1746 or.

137 1782 253 1839 133,
282 1783 376 1825 149.
438 1782 593 1824 Totam
638 1796 740 1824 uero
785 1781 975 1824 indolem
1021 1796 1069 1823 ac
1114 1783 1312 1822 naturam
1358 1778 1530 1819 illorum
1574 1775 1666 1817 rhe-

138 1844 281 1896 torum
317 1857 359 1896 et
390 1868 439 1895 ex
471 1854 644 1896 nomine
678 1853 883 1909 cognosci
915 1854 1015 1895 licet
1048 1855 1091 1894 et
1121 1868 1170 1894 ex
1198 1849 1416 1893 Ciceronis
1451 1848 1667 1890 sententia

138 1926 188 1968 de
214 1926 302 1968 illis
327 1926 561 1981 proposita.
612 1924 792 1968 Latinos
825 1925 998 1980 proprie
1034 1939 1127 1967 sese
1157 1923 1438 1965 nominarunt
1463 1920 1668 1961 rhetores.

137 1997 243 2039 Inde
293 1997 477 2039 efficitur
533 2012 604 2039 eos
655 1997 890 2039 remouisse
943 2010 1111 2038 omnem
1168 1993 1408 2036 doctrinam
1461 1990 1668 2032 Graecam

139 2083 370 2124 omnesque
414 2069 581 2110 litteras
636 2071 679 2110 et
730 2068 880 2110 docere
931 2082 1021 2109 sese
1077 2081 1169 2109 esse
1219 2064 1435 2121 professos
1486 2061 1666 2103 rhetori-

140 2155 234 2182 cam
273 2139 480 2182 Graecam
519 2140 701 2182 exclusis
741 2142 784 2181 et
821 2139 1104 2194 scriptoribus
1144 2137 1318 2179 Graecis
1357 2138 1401 2176 et
1439 2133 1594 2175 litteris
1627 2135 1669 2173 et

140 2211 237 2266 ipsa
277 2211 422 2267 lingua
461 2211 721 2254 Graecorum
765 2225 850 2253 non
890 2209 1096 2252 adhibita.
1154 2208 1235 2258 Qui
1274 2207 1327 2249 ab
1365 2205 1452 2247 ista
1487 2203 1669 2259 docendi

139 2281 413 2325 institutione
459 2283 587 2325 alieni
631 2286 755 2325 erant
799 2282 932 2323 ueluti
972 2280 1120 2323 Cicero
1165 2281 1226 2322 ita
1270 2277 1481 2320 docebant
1516 2276 1580 2317 uti
1619 2290 1669 2317 ex

139 2354 422 2410 partitionum
463 2355 749 2397 oratoriarum
781 2353 904 2396 initio
943 2353 1020 2395 illo
1054 2351 1236 2394 dilucide
1267 2351 1412 2405 potest
1448 2349 1668 2403 cognosci:

141 2424 316 2467 ‘Studeo
354 2426 414 2468 mi
452 2429 576 2481 pater
608 2425 758 2467 Latine
798 2440 847 2467 ex
888 2427 931 2466 te
973 2424 1118 2466 audire
1152 2438 1220 2478 ea,
1259 2435 1367 2477 quae
1400 2419 1506 2461 mihi
1538 2422 1585 2460 tu
1620 2418 1669 2459 de

141 2496 308 2538 ratione
346 2496 512 2539 dicendi
548 2497 709 2540 Graece
748 2495 994 2538 tradidisti?
1057 2494 1139 2544 Qui
1170 2496 1352 2548 utraque
1387 2505 1488 2533 sane
1522 2490 1670 2544 lingua

142 2568 372 2610 utebantur
410 2570 452 2609 et
489 2568 534 2609 in
574 2568 816 2624 praeceptis
861 2567 1081 2609 tradendis
1120 2569 1163 2607 et
1199 2565 1245 2606 in
1283 2561 1670 2604 declamationibus

143 2639 406 2682 exercendis:
449 2638 594 2681 Latini
626 2639 692 2681 illi
723 2639 916 2680 rhetores
950 2637 1115 2679 Graeca
1151 2636 1283 2678 uerba
1321 2633 1495 2676 omnino
1532 2645 1669 2673 remo-

143 2715 310 2754 uerunt.
373 2711 490 2761 Quae
523 2710 668 2753 omnia
702 2710 806 2752 satis
839 2711 989 2764 aperta
1020 2708 1125 2750 fient
1157 2707 1192 2748 si
1225 2721 1274 2748 ea
1305 2703 1669 2746 considerabimus

146 2798 253 2838 quae
287 2783 398 2838 apud
433 2781 547 2824 Suet.
581 2782 631 2823 de
657 2781 764 2823 rhet.
791 2782 818 2823 2
850 2780 895 2822 L.
922 2780 1065 2822 Plotio
1097 2778 1173 2820 illo
1206 2777 1405 2819 defuncto
1437 2777 1486 2816 ut
1518 2774 1672 2829 opinor

146 2855 293 2897 Cicero
328 2855 380 2896 ad
413 2854 623 2896 Titinium
656 2853 825 2895 scribit:
867 2851 1094 2907 ‘Equidem
1128 2849 1336 2892 memoria
1367 2850 1495 2889 teneo
1528 2845 1671 2902 pueris

218 2931 267 2956 Ad
281 2930 468 2957 Herennium
489 2930 558 2956 libri
579 2931 631 2963 IV,
652 2930 695 2956 ed.
712 2930 823 2956 MARx.
1346 2921 1388 2951 10
