2003 3116
296 122 347 163 15
862 117 1231 149 PROLEGOMENA.

290 229 590 282 quaterniones
631 223 825 266 nonnulli
863 222 1131 263 continentes
1169 221 1267 261 libri
1299 220 1319 260 I
1357 221 1518 262 exitum
1557 223 1600 262 et
1636 221 1810 262 initium

290 299 389 340 libri
422 297 463 338 II
496 296 711 350 perierant
742 308 767 334 a
799 292 1061 347 glutinatore
1100 290 1270 332 indocto
1303 291 1552 344 posterioris
1585 291 1678 332 aeui
1710 306 1810 346 qua-

289 369 533 410 ternionum
574 379 750 406 numero
784 366 827 405 et
859 362 1005 404 ordine
1039 362 1290 416 perturbato
1329 376 1413 403 uno
1447 362 1661 403 uolumine
1696 376 1810 404 com-

288 439 498 492 prehensa
537 450 639 477 esse.
700 434 751 476 In
782 435 922 489 prima
961 433 1146 488 paginae
1185 431 1384 488 margines
1415 432 1617 474 inferiore
1655 433 1812 487 legitur

289 523 417 549 manu
449 507 684 549 recentiore
717 505 926 560 scriptum
951 504 1075 546 Liber
1105 503 1147 546 S.
1175 503 1291 546 Petri
1318 502 1566 546 Corbieensz's
1591 502 1727 545 Cicero
1759 505 1815 545 acl

287 578 548 620 Herennium
568 579 667 631 528,
693 577 737 617 in
764 576 915 617 ultimo
942 575 1045 617 folio
1074 574 1296 616 dimidiato
1321 578 1453 617 recto:
1484 573 1535 616 Cc
1560 575 1813 628 manuscript

288 649 463 692 contient
493 651 551 691 87
579 648 753 701 feuilles.
801 647 956 689 L'abbe'
980 648 1027 688 de
1053 646 1315 688 Grandedieu
1346 646 1392 687 in
1422 660 1563 688 uerso:
1595 645 1813 687 Rethorica

289 721 400 762 tullia·
426 720 551 762 Noua
582 723 618 761 et
647 722 763 761 uetus
794 733 923 759 manu
951 720 999 759 ut
1024 717 1192 758 uidetur
1225 717 1383 758 saeculi
1410 715 1524 758 XIV.
1566 717 1630 758 Ex
1658 717 1811 771 quibus

288 791 642 845 inscriptionibus
676 792 853 845 apparet
884 789 1042 830 librum
1077 788 1179 829 olim
1210 787 1343 829 fuisse
1370 786 1640 829 Corbeiensis
1668 802 1812 829 mona·

289 863 408 904 sterii
447 862 801 917 Karolingiorum
844 860 1110 914 temporibus
1155 859 1269 913 quod
1312 859 1357 899 in
1400 857 1551 912 primis
1589 859 1633 899 in
1673 857 1814 899 Gallia

287 933 470 976 florebat
514 933 672 974 litteris
718 931 848 988 (conf.
898 931 1108 972 Mabillon
1159 930 1336 971 analect.
1381 932 1513 971 ueter.
1550 929 1593 970 II
1631 944 1671 983 p.
1709 927 1815 985 657)

286 1019 363 1046 nec
425 1018 510 1045 non
562 1006 822 1045 memoratur
870 1003 914 1044 in
974 1000 1182 1056 catalogis
1233 1001 1347 1042 illius
1398 1001 1648 1042 monasterii
1704 1000 1814 1054 apud

289 1075 564 1117 GBeckerum
593 1075 778 1129 catalog.
804 1073 1001 1115 biblioth.
1031 1072 1195 1126 antiqui
1222 1086 1264 1112 n.
1293 1071 1365 1126 79,
1393 1071 1476 1112 103
1505 1086 1545 1125 p.
1571 1071 1649 1113 187
1680 1070 1815 1112 Cicero

286 1148 343 1188 ad
378 1147 638 1188 Herennntm
684 1148 726 1187 et
764 1160 804 1186 n.
845 1145 946 1199 136,
979 1144 1062 1186 287
1103 1159 1142 1198 p.
1170 1143 1255 1184 284
1298 1142 1461 1183 Tulli-us
1503 1142 1600 1183 liber
1639 1143 1815 1184 secunda

286 1218 504 1260 rethorica:
555 1217 663 1259 conf.
713 1216 871 1257 ibidem
922 1205 1021 1257 292.
1113 1213 1279 1256 Deinde
1329 1213 1466 1254 factus
1517 1215 1583 1254 est
1633 1212 1813 1268 Sanger-

290 1289 506 1331 manensis
550 1288 787 1329 translatus
831 1286 1048 1328 Lutetiam
1094 1285 1355 1326 Parisiorum
1399 1284 1511 1325 unde
1549 1283 1815 1338 Petropolim

287 1376 382 1402 eum
433 1359 673 1401 transuexit
722 1359 835 1399 inter
880 1358 1091 1399 tumultus
1137 1359 1180 1398 et
1222 1355 1418 1397 incendia
1462 1354 1685 1396 Gallorum
1736 1355 1814 1396 sub

287 1432 416 1473 finem
463 1431 621 1473 saeculi
663 1428 813 1470 XVIII
858 1429 974 1470 facta
1017 1427 1170 1469 Petrus
1212 1426 1472 1481 Dubrovsky
1517 1427 1635 1468 cuius
1680 1426 1816 1467 musei

284 1502 427 1544 fuerat
472 1504 700 1555 antequam
746 1515 842 1542 cum
885 1500 982 1541 aliis
1028 1499 1217 1540 eiusdem
1262 1497 1512 1539 monasterii
1554 1497 1732 1539 cimeliis
1771 1497 1815 1538 in
1852 1521 1857 1526 ·

285 1574 456 1628 pluteos
503 1572 807 1628 bybliothecae
851 1571 1154 1626 imperatoriae
1199 1570 1479 1611 concesserit:
1531 1569 1640 1611 conf.
1681 1568 1718 1609 E
1764 1568 1814 1609 de

287 1645 515 1686 Muraltius
542 1644 735 1685 Bulletin
764 1644 813 1684 de
840 1644 882 1684 la
908 1643 1042 1684 classe
1068 1639 1593 1695 historico—philologique
1615 1640 1665 1681 de
1692 1639 1814 1681 l’aca-

286 1716 423 1757 demie
465 1716 515 1756 de
558 1713 618 1756 St.
658 1714 946 1769 Petersbourg
984 1713 1023 1754 V
1066 1712 1177 1755 1848
1216 1727 1255 1766 p.
1284 1712 1321 1753 3.
1384 1711 1465 1752 Hic
1509 1711 1643 1753 codex
1687 1711 1814 1752 nobis

286 1787 425 1828 instar
464 1786 546 1827 erit
590 1786 789 1827 editionis
832 1800 857 1827 a
897 1785 1002 1827 uiris
1043 1783 1181 1826 doctis
1223 1797 1329 1824 saec.
1362 1781 1423 1823 IX
1460 1783 1654 1837 pluribus
1696 1782 1814 1824 codd.

286 1857 493 1899 adhibitis
527 1857 666 1899 factae
699 1862 741 1898 et
767 1856 1117 1915 adnotationibus
1145 1856 1320 1896 ornatae
1348 1853 1812 1908 emendationibusque.

287 1928 368 1970 Sed
388 1930 486 1971 illae
510 1928 832 1970 emendationes
854 1930 897 1969 et
923 1927 1221 1969 adnotationes
1250 1939 1356 1980 quae
1382 1925 1427 1965 in
1453 1924 1543 1966 cod.
1565 1924 1813 1967 Corbeiensi

288 2003 461 2042 exstant
485 2015 572 2042 non
599 2000 737 2055 ipsius
763 1999 930 2041 librarii
956 2013 1048 2040 esse
1076 1998 1147 2040 sed
1175 1996 1399 2050 archetypi
1428 1995 1552 2037 facile
1579 1996 1814 2050 apparebit.

284 2071 398 2113 Nam
437 2072 640 2113 librarius
680 2085 854 2113 munere
894 2084 970 2112 suo
1014 2069 1183 2111 functus
1226 2070 1291 2109 est
1329 2067 1436 2108 satis
1475 2067 1703 2122 diligenter
1741 2067 1813 2108 sed

285 2144 346 2184 ita
373 2142 543 2196 stupide
570 2145 619 2183 ut
646 2143 776 2183 etiam
810 2141 978 2197 glossas
1013 2141 1055 2181 in
1086 2139 1321 2194 archetypo
1348 2138 1491 2180 uerbis
1520 2138 1812 2192 superpositas

256 2268 258 2276 Ι
286 2214 351 2255 uel
382 2213 593 2255 uocabulo
621 2213 748 2255 modo
777 2212 943 2254 adiecto
970 2211 1097 2253 modo
1126 2210 1285 2252 omisso
1312 2211 1357 2251 in
1383 2211 1628 2251 contextum
1663 2209 1815 2264 supina

258 2282 259 2290 ¹
286 2284 564 2339 neglegentia
595 2285 814 2338 reciperet.
876 2282 1023 2323 Veluti
1057 2283 1099 2322 in
1138 2281 1282 2322 uerbis
1314 2280 1333 2321 I
1370 2281 1441 2334 152,
1467 2281 1520 2321 21
1555 2280 1635 2321 Ille
1665 2279 1815 2322 nihilo-

285 2355 423 2397 minus
447 2355 625 2396 sitellam
650 2354 794 2396 detulit
818 2353 937 2395 codd.
958 2352 1103 2393 HBP¹
1133 2352 1295 2392 habent
1319 2351 1506 2404 sitellam,
1534 2348 1586 2391 Ρ2
1608 2351 1814 2404 cistellam,

287 2425 335 2467 C:
374 2426 439 2467 nel
476 2426 671 2467 cistellam
708 2425 896 2467 sitellam.
961 2424 1078 2473 Quae
1117 2423 1287 2478 glossae
1319 2423 1570 2483 plerumque
1609 2436 1681 2462 eae
1715 2425 1814 2463 sunt

287 2512 395 2551 quae
423 2497 475 2538 ab
503 2497 597 2538 aliis
624 2496 813 2537 librariis
839 2510 916 2550 pro
943 2494 1138 2550 genuinis
1175 2494 1410 2547 descriptae
1445 2493 1653 2534 secundae
1686 2507 1813 2547 quam

286 2568 503 2623 Kayserus
532 2568 758 2609 constituit
791 2566 942 2609 classis
974 2566 1211 2620 scripturae
1244 2564 1552 2619 proprietatem
1585 2563 1812 2605 effecerint.

285 2638 515 2681 Praeterea
542 2639 698 2681 codicis
726 2639 933 2680 lectiones
960 2638 1054 2679 ideo
1081 2637 1310 2691 praecipue
1337 2634 1672 2677 considerandae
1699 2637 1812 2687 sunt,

287 2710 400 2765 quod
431 2710 638 2752 lectiones
670 2710 902 2751 nonnullas
937 2724 1067 2750 manu
1099 2709 1237 2764 prima
1269 2707 1313 2749 id
1345 2710 1411 2749 est
1443 2721 1550 2748 saec.
1578 2705 1641 2746 IX
1672 2705 1742 2746 uel
1773 2705 1812 2747 X

287 2784 482 2823 exaratas
516 2781 689 2823 exhibet
721 2795 830 2835 quae
863 2780 906 2821 in
939 2780 1056 2821 codd.
1090 2781 1271 2834 expletis
1304 2779 1373 2820 uel
1404 2777 1585 2832 integris
1617 2776 1809 2817 iuenian-

287 2855 368 2907 tur,
401 2853 445 2893 in
471 2852 600 2893 HPB
633 2852 824 2894 nondum
857 2853 1025 2893 exstent
1054 2850 1099 2891 in
1132 2852 1334 2892 contextu
1367 2849 1635 2903 conscriptae
1669 2847 1741 2888 sed
1767 2847 1812 2888 in
