2003 3116
397 121 482 161 354
922 120 986 151 AD
1014 119 1052 152 O.
1079 119 1367 152 HERENNIUM

454 228 615 269 cionem
655 226 863 267 maleficii.
925 225 1038 266 Nam
1076 240 1209 267 uuum
1248 225 1406 281 aliquid
1446 229 1520 267 aut
1551 227 1732 269 alterum
1762 229 1908 282 potest

454 299 495 338 iu
539 299 669 338 istum
709 311 808 338 casu
848 296 1049 338 cecidisse
1088 297 1338 351 suspiciose3
1381 299 1429 338 ut
1469 297 1613 339 omnia
1647 297 1762 340 inter
1800 313 1844 340 se
1884 314 1908 340 a

452 368 587 422 primo
627 367 679 408 ad
719 370 983 422 postremum
1023 368 1282 410 conueniant
1317 369 1346 419 †
1371 368 1582 410 maleficia
1623 383 1794 411 necesse
1833 372 1908 420 est,

453 453 551 480 casu
584 453 672 480 non
706 440 847 492 potest
878 437 998 480 fieri?

510 509 751 550 Vehemens
797 509 899 551 haec
945 512 1010 550 est
1054 511 1273 551 exornatio
1324 513 1366 551 et
1407 511 1451 551 in
1497 511 1769 553 coniecturali
1813 525 1910 553 oon·
1946 525 1962 550 5

394 581 616 622 stitutione
667 595 818 621 causae
868 580 1001 621 ferme
1053 595 1220 636 semper
1275 581 1516 622 necessaria
1571 584 1615 622 et
1663 582 1707 623 in
1758 582 1909 624 ceteris

393 652 621 707 generibus
668 666 892 693 causarum
934 654 977 692 et
1026 652 1072 693 in
1122 652 1238 693 omni
1283 653 1474 694 oratione
1520 653 1762 694 adhibenda
1804 668 1910 695 non-

394 739 638 778 numquam.

510 794 777 849 Expolitio
816 797 897 847 est,
937 808 1031 835 cum
1067 795 1113 835 in
1153 795 1301 836 eodem
1342 796 1435 837 loco
1469 810 1688 837 manemus
1723 798 1765 837 et
1797 795 1910 837 aliud

394 867 520 920 atque
553 864 667 906 aliud
701 865 838 907 dicere
870 866 1074 907 uidemur.
1124 865 1189 906 Ea
1221 866 1446 921 dupliciter
1472 867 1530 921 fit,
1563 867 1598 908 si
1631 870 1705 908 aut
1731 866 1906 908 eandem
1928 881 1960 905 10

391 936 519 991 plane
553 936 741 978 dicemus
774 951 863 978 rem
897 939 972 978 aut
1003 937 1053 978 de
1087 937 1233 978 eadem
1265 953 1322 979 re.

628 1007 847 1050 Eandem
886 1023 986 1049 rem
1019 1008 1216 1062 dicemus,
1252 1023 1338 1050 non
1377 1009 1524 1050 eodem
1563 1008 1688 1051 modo
1725 1033 1776 1039 --
1809 1023 1910 1050 nam

393 1079 434 1119 id
465 1079 633 1134 quidem
666 1080 900 1134 optundere
933 1079 1170 1121 auditorem
1203 1082 1280 1134 est,
1311 1094 1396 1121 non
1428 1095 1517 1121 rem
1551 1081 1739 1135 expolire
1763 1104 1814 1110 —-
1838 1079 1911 1121 sed

393 1154 664 1192 commutate.
714 1149 1084 1192 Commutabimus
1117 1150 1362 1204 tripliciter:
1393 1151 1549 1202 uerbis,
1581 1151 1911 1206 pronuntiando,

393 1222 628 1263 tractando.
1932 1235 1964 1260 15

321 769 378 811 42

333 838 379 869 54

510 1293 694 1334 Verbis
727 1293 1098 1343 commutabimus,
1133 1308 1227 1334 cum
1259 1308 1303 1334 re
1336 1294 1467 1335 semel
1500 1293 1611 1336 dicta
1641 1294 1796 1335 iterum
1831 1296 1907 1335 aut

395 1365 561 1419 saepius
589 1364 682 1405 aliis
709 1364 865 1419 uerbis,
897 1379 1004 1419 quae
1030 1364 1142 1406 idem
1168 1365 1360 1419 ualeant,
1392 1365 1539 1406 eadem
1564 1379 1630 1406 res
1656 1365 1913 1420 proferetur,

393 1436 474 1478 hoc
506 1436 652 1478 modo:

572 1506 771 1549 ‘Nullum
821 1510 992 1549 tantum
1043 1510 1109 1548 est
1150 1508 1404 1561 periculum,
1456 1508 1567 1562 quod
1618 1507 1786 1562 sapiens
1835 1521 1911 1561 pro

455 1580 591 1621 salute
634 1579 798 1634 patriae
844 1579 1067 1621 uitandum
1107 1579 1349 1620 arbitretur.
1419 1577 1526 1621 Cum
1565 1582 1717 1634 agetur
1753 1579 1912 1620 incolu-
1932 1591 1966 1617 20

454 1651 582 1692 mitas
615 1653 822 1705 perpetua
855 1650 1061 1704 ciuitatis,
1100 1651 1171 1704 qui
1210 1650 1334 1692 bonis
1368 1651 1449 1692 erit
1479 1650 1718 1692 rationibus
1750 1649 1911 1705 praedi-

455 1724 542 1777 tus,
579 1722 773 1776 profecto
807 1722 972 1763 nullum
1004 1722 1118 1762 uitae
1152 1721 1377 1763 discrimen
1413 1723 1495 1764 sibi
1526 1737 1604 1776 pro
1636 1722 1820 1764 fortunis
1851 1722 1913 1762 rei

454 1793 651 1848 publicae
684 1793 934 1849 fugiendum
967 1793 1138 1846 putabit
1170 1796 1213 1834 et
1239 1793 1320 1834 erit
1345 1793 1391 1834 iu
1417 1808 1466 1834 ea
1493 1794 1706 1835 sententia
1732 1807 1911 1847 semper,

456 1867 503 1905 ut
551 1878 628 1918 pro
678 1865 819 1919 patria
871 1863 1061 1905 studiose
1112 1865 1306 1918 quamuis
1350 1864 1394 1905 in
1439 1878 1643 1920 magnam
1687 1864 1915 1906 descendat

455 1936 570 1977 uitae
603 1934 949 1977 dimicationem.'
1933 1947 1968 1973 25

514 2071 537 2105 2
564 2082 690 2106 casum
715 2069 760 2104 H
764 2070 884 2105 PHB
957 2069 981 2104 3
1002 2069 1201 2104 conueniat
1220 2068 1297 2103 PB
1365 2069 1637 2117 maleficiaſjssssl
1661 2070 1707 2105 Η
1727 2070 1784 2106 del
1803 2070 1914 2105 Lam-

398 2126 505 2160 bzsswus
535 2124 716 2159 maleficio
742 2124 913 2159 Klotzins
939 2124 1035 2158 loeus
1073 2123 1265 2157 lacunosus
1296 2133 1365 2157 esse
1400 2124 1566 2159 uidetur:
1599 2124 1768 2169 suppleas
1802 2124 1916 2158 ueluti

397 2177 559 2213 malefici
582 2179 723 2213 ratione
748 2178 828 2220 sieri
899 2176 923 2211 4
948 2187 1021 2211 uon
1046 2186 1154 2221 posse
1181 2176 1205 2210 d
1242 2187 1315 2210 non
1342 2188 1415 2211 non
1438 2188 1545 2221 posse
1573 2178 1584 2212 Z
1668 2178 1691 2213 5
1718 2179 1774 2212 est
1792 2178 1916 2212 haecz

397 2232 421 2267 6
448 2243 578 2266 causae
605 2242 660 2267 om
686 2231 730 2265 H
827 2230 942 2265 ferme
969 2241 1023 2265 om
1050 2231 1090 2265 d.-
1117 2230 1158 2263 in
1184 2229 1196 2262 Z
1220 2233 1281 2263 m]
1303 2240 1329 2264 s.
1349 2241 1376 2264 s.
1404 2230 1480 2265 fere
1588 2230 1606 2264 7
1628 2235 1713 2276 post
1738 2242 1915 2265 nonnum-

399 2296 507 2329 quam
536 2286 609 2319 add
634 2284 775 2319 HPB:
801 2283 1059 2319 EXPOLITXO
1158 2282 1208 2317 10
1234 2293 1278 2317 ea
1302 2284 1427 2317 autem
1453 2288 1480 2316 E
1585 2284 1632 2318 11
1659 2285 1768 2329 plane
1794 2295 1849 2319 om
1875 2284 1920 2319 Η

397 2349 475 2373 rem
501 2338 664 2373 dicemus
691 2338 735 2372 Η
805 2338 853 2373 12
881 2337 1033 2372 eandem
1062 2348 1139 2370 rem
1166 2346 1221 2370 om
1248 2337 1302 2371 B1
1383 2337 1538 2371 dicimus
1565 2338 1578 2372 Z
1651 2348 1777 2372 eorum
1803 2337 1915 2372 ΡῑΒ1

399 2391 448 2426 13
474 2392 623 2436 quidem
651 2392 691 2426 bl
730 2392 827 2435 quod
860 2391 1024 2424 HPHB
1057 2401 1112 2424 om
1147 2388 1204 2423 Ocl
1263 2384 1265 2387 ’
1349 2389 1551 2425 obtundere
1583 2391 1790 2426 auditorem
1823 2391 1917 2426 estl

399 2445 605 2479 auditorem
633 2446 690 2479 est
716 2443 919 2479 obtundere
945 2443 969 2477 d
1007 2442 1210 2477 obtundere
1237 2442 1294 2476 est
1326 2442 1534 2477 auditorem
1561 2444 1581 2478 b
1620 2443 1785 2488 optinere
1812 2443 1916 2478 audi-

398 2499 517 2533 torem
544 2500 601 2533 est
625 2502 661 2532 M
734 2498 813 2545 sed]
843 2499 879 2531 et
906 2496 936 2530 Ο
1000 2496 1050 2531 14
1075 2496 1301 2530 commutare
1328 2496 1348 2530 b
1387 2507 1469 2530 cum
1494 2499 1598 2531 muta
1621 2508 1684 2532 rae
1712 2496 1744 2531 G
1814 2508 1915 2532 com-

399 2551 604 2586 muta-bitur
629 2552 687 2587 Η1
714 2550 954 2587 commutatio
980 2551 1022 2584 fit
1047 2551 1087 2584 bl
1195 2549 1243 2584 15
1274 2550 1471 2584 tractando
1503 2560 1559 2584 om
1584 2550 1642 2583 Η1
1741 2549 1790 2584 16
1816 2550 1913 2596 oum]

400 2606 429 2640 si
456 2617 538 2640 cum
565 2607 605 2640 bl
671 2617 728 2640 res
754 2606 828 2640 ΗΕ
898 2604 1011 2639 semel
1037 2605 1093 2638 est
1119 2604 1160 2638 bl
1224 2603 1375 2649 iterum]
1402 2614 1530 2637 uerum
1557 2602 1660 2637 HP1
1721 2602 1767 2637 17
1790 2603 1916 2646 quaei-

401 2658 483 2692 dem
511 2659 589 2693 PH
624 2658 774 2703 quidem
801 2658 846 2693 Η
972 2669 1029 2692 res
1055 2658 1262 2702 proferetur
1290 2656 1456 2691 P2HGE
1495 2667 1552 2690 res
1579 2655 1806 2700 proferretur
1835 2656 1915 2690 PB

400 2712 475 2746 refe
501 2715 602 2746 retur
627 2713 670 2746 H
773 2711 823 2746 ‘20
848 2710 1040 2745 uitandam
1066 2710 1142 2744 PB
1178 2710 1332 2745 uitando
1359 2711 1404 2744 H
1508 2709 1702 2756 aslssgetur
1722 2709 1767 2743 H
1799 2721 1910 2754 auge-

401 2767 461 2799 tur
486 2767 509 2800 (Z
581 2765 814 2800 incolomitas
839 2768 875 2797 M
948 2763 996 2797 21
1024 2774 1088 2808 per
1113 2765 1227 2808 petua
1251 2764 1288 2797 B
1364 2765 1444 2798 erat
1472 2764 1571 2797 P¹H
1639 2761 1688 2796 22
1714 2762 1847 2796 futuris
1871 2763 1916 2796 H

402 2818 507 2864 ressss
531 2820 587 2853 H¹
684 2818 732 2853 23
757 2817 945 2862 publicae]
974 2817 998 2861 p
1018 2820 1053 2850 M
1078 2828 1137 2861 .p.
1161 2820 1189 2849 E
1287 2815 1435 2861 putauit
1455 2815 1620 2850 HPHB
1717 2815 1767 2849 24
1787 2826 1852 2860 per
1873 2816 1919 2851 H

404 2871 526 2905 studio
554 2883 590 2906 se
617 2872 663 2906 H
695 2872 845 2906 studose
870 2870 921 2905 Ρ1
