2003 3116
86 831 129 855 De
154 828 348 855 declamatio-

85 866 175 890 nibus
190 864 348 894 scriptoris

152 902 189 926 ad
210 901 281 926 Her.

111 2892 151 2915 Dc
172 2887 319 2914 suasoriis
340 2888 369 2912 ct

141 2923 367 2950 controuersiis.

367 228 449 268 102
939 223 1307 256 PROLEGOMENA.

366 335 490 377 modo
517 335 656 375 exstat
682 331 908 373 dichoreus
934 330 1129 382 defricarc'
1156 342 1258 370 casu
1284 328 1508 369 admissus.
1552 326 1674 368 Adde
1701 327 1813 382 quod
1834 327 1878 367 in

367 405 558 459 exemplo
591 402 736 457 grauis
768 401 930 456 figurae
960 414 1172 455 nusquam
1213 398 1512 453 monosyllaba
1543 398 1752 440 collocata
1783 400 1882 439 sunt

367 477 408 517 in
430 475 544 516 exitu
563 473 847 528 periodorum,
874 471 918 512 in
939 471 1133 525 exemplo
1154 470 1381 512 mediocris
1408 470 1494 510 iam
1519 468 1659 523 prima
1683 468 1881 523 periodus

368 546 453 587 exit
484 545 529 586 in
560 544 670 586 solita·
699 546 812 598 sunt,
844 541 928 584 alia
960 542 1003 583 in
1035 542 1169 584 conati
1199 544 1311 596 sunt,
1343 541 1471 582 tertia
1501 539 1708 595 quaedam
1738 539 1784 580 in
1813 552 1881 581 ne-

366 630 518 658 cessum
548 620 614 657 est.
665 614 828 656 Eadem
856 628 962 668 quae
995 613 1040 654 in
1071 613 1139 654 his
1166 612 1370 667 exemplis
1403 611 1528 653 modo
1561 609 1883 653 obseruauimus

367 688 411 729 in
449 687 599 728 ceteris
640 701 717 728 usu
754 685 899 727 uenire
938 684 1062 726 facile
1105 683 1244 738 quiuis
1285 683 1444 737 poterit
1485 682 1734 737 intellegere
1775 681 1884 722 libro

368 761 562 801 accurate
593 758 866 813 pertractato.

485 829 579 871 Iam
619 829 668 870 de
706 827 805 869 ludo
844 827 938 881 ipso
977 826 1087 867 unde
1126 825 1318 880 profecta
1357 826 1422 865 est
1458 823 1671 865 rhetorica
1703 823 1755 865 ad
1786 822 1888 864 Her.

370 901 609 943 accuratius
653 899 865 954 agendum
907 898 1004 939 erit:
1050 912 1133 952 qua
1171 897 1214 938 in
1251 910 1296 938 re
1335 895 1561 937 tractanda
1599 897 1723 936 erunt
1762 894 1887 936 nobis

369 973 501 1015 uerba
527 972 602 1013 illa
629 986 735 1026 quae
761 969 825 1012 IV
850 970 918 1024 44,
947 968 1001 1011 58
1036 968 1085 1009 de
1112 967 1374 1022 expolitione
1400 968 1617 1021 leguntur:
1650 980 1756 1020 quae
1789 965 1888 1006 ‘non

370 1043 514 1098 modo,
553 1057 648 1085 cum
687 1056 860 1084 causam
897 1040 1099 1095 dicimus,
1136 1038 1311 1080 adiuuat
1343 1040 1385 1079 et
1424 1038 1601 1079 exornat
1641 1036 1891 1089 orationem,

371 1115 442 1157 sed
475 1114 611 1156 multo
651 1113 834 1155 maxime
866 1126 941 1166 per
979 1125 1072 1152 eam
1112 1123 1357 1151 exercemur
1395 1108 1446 1150 ad
1480 1108 1732 1150 elocutionis
1764 1107 1893 1148 facul-

371 1188 516 1228 tatem.
573 1184 712 1234 Quare
745 1182 972 1226 conueniet
1005 1184 1126 1223 extra
1158 1195 1331 1222 causam
1362 1180 1408 1221 in
1440 1179 1672 1221 exercendo
1704 1179 1894 1221 rationes

373 1255 575 1298 adhibere
608 1253 896 1309 expolitionis’
930 1267 963 1294 e.
990 1268 1028 1307 q.
1055 1267 1087 1293 s.
1150 1251 1271 1293 Unde
1311 1253 1490 1307 apparet
1523 1250 1741 1293 doctorem
1774 1250 1893 1291 illum

372 1327 602 1381 discipulos
642 1340 741 1368 suos
779 1324 1004 1380 praecipue
1043 1324 1094 1364 ad
1135 1322 1176 1364 id
1215 1322 1452 1364 instituisse
1490 1324 1539 1363 ut
1576 1336 1727 1363 causas
1768 1335 1894 1376 agere

373 1400 552 1453 possent
583 1398 704 1439 docte
737 1399 779 1438 et
812 1396 927 1438 scite.
977 1394 1128 1449 Itaque
1161 1408 1422 1448 quamquam
1455 1395 1497 1434 et
1529 1392 1578 1434 de
1611 1392 1895 1434 deliberatiuo

374 1483 527 1524 genere
565 1469 794 1523 praecepta
832 1466 963 1521 dedit,
1003 1468 1147 1506 tamen
1185 1464 1371 1519 primum
1411 1463 1601 1505 omnium
1639 1466 1681 1505 et
1723 1463 1895 1519 egregie

375 1539 645 1581 ediscendum
678 1538 874 1580 iudiciale
907 1551 998 1578 esse
1032 1536 1216 1590 scriptor
1248 1535 1452 1576 didicerat
1479 1533 1541 1590 (II
1571 1536 1607 1589 1,
1631 1533 1691 1590 1):
1725 1534 1896 1576 demon—

376 1611 604 1653 stratiuum
630 1625 726 1653 raro
755 1609 944 1652 accidere
970 1609 1016 1649 in
1042 1608 1134 1649 uita
1160 1606 1415 1662 pronuntiat
1447 1605 1514 1647 ΠΙ
1541 1607 1586 1661 8,
1615 1605 1679 1647 15.
1736 1604 1898 1648 Doctor

377 1685 520 1724 autem
553 1681 835 1724 scholasticus
866 1680 940 1721 ille
973 1681 1016 1720 et
1041 1680 1271 1734 praecepta
1298 1677 1428 1719 dabat
1455 1679 1497 1718 et
1524 1676 1793 1719 declamabat
1820 1691 1898 1719 nec

376 1753 672 1795 tantummodo
711 1753 801 1807 ipse
842 1750 1111 1792 declamabat
1150 1749 1222 1791 sed
1255 1749 1384 1791 etiam
1417 1748 1650 1802 discipulos
1684 1748 1898 1789 sententia

378 1825 523 1879 aliqua
548 1824 770 1879 proposita
796 1822 972 1864 iubebat
996 1821 1040 1862 in
1068 1821 1217 1863 schola
1244 1820 1442 1874 domique
1470 1819 1727 1861 declamare:
1759 1818 1802 1860 id
1835 1821 1899 1860 est

378 1895 484 1937 illud
523 1895 635 1950 quod
675 1894 857 1948 scriptor
897 1892 1146 1947 saepissime
1184 1891 1332 1933 laudat
1370 1892 1543 1933 exerceri
1580 1893 1622 1932 et
1659 1891 1899 1945 eoecrcz‘z‘atio,

380 1965 491 2021 quod
519 1965 800 2019 distinguitur
827 1979 851 2005 a
876 1964 986 2006 ueris
1017 1963 1154 2005 causis
1186 1962 1228 2003 Π
1255 1963 1292 2016 8,
1323 1963 1388 2004 12.
1438 1962 1783 2016 Appellabantur
1807 1960 1900 2002 rhe-

381 2037 487 2079 toris
516 2036 713 2091 discipuli
737 2036 925 2079 studiosi:
957 2034 1069 2090 quod
1095 2034 1350 2076 uocabulum
1376 2033 1652 2075 tritissimum
1678 2033 1721 2074 in
1748 2032 1899 2074 studiis

381 2107 608 2149 rhetoricis
641 2109 809 2150 saeculo
842 2122 881 2161 p.
915 2104 987 2147 Oh.
1020 2105 1173 2160 primo,
1205 2120 1287 2160 quo
1320 2104 1485 2147 Plinius
1515 2104 1648 2146 maior
1673 2104 1899 2145 rhetoricis

383 2180 472 2221 suis
512 2179 634 2221 libris
672 2178 858 2221 uoluerit
889 2176 1064 2219 inscribi
1102 2177 1274 2218 studiosi
1304 2173 1435 2232 (conf.
1463 2173 1553 2216 CIL
1586 2174 1647 2217 IV
1682 2175 1766 2217 875
1798 2175 1900 2216 Hor.

383 2251 504 2306 epist.
524 2250 544 2291 I
565 2251 604 2305 3,
624 2249 682 2305 6),
715 2250 802 2291 iam
827 2251 1019 2303 tempore
1047 2246 1222 2289 Sullano
1249 2248 1294 2288 in
1321 2247 1475 2289 scholis
1508 2246 1728 2288 rhetorum
1753 2248 1901 2287 natum

383 2337 475 2363 esse
516 2322 722 2375 probatur
754 2320 895 2362 uerbis
935 2318 1153 2361 Ciceronis
1197 2318 1307 2372 apud
1338 2317 1459 2360 ‘Suet
1493 2318 1542 2359 de
1576 2317 1683 2358 rhet.
1715 2318 1741 2359 2
1774 2317 1901 2372 ‘quod

385 2391 724 2433 studiosissimus
752 2391 930 2446 quisque
957 2390 1070 2444 apud
1096 2404 1191 2430 eum
1213 2388 1492 2430 exerceretur’
1519 2392 1561 2430 et
1586 2388 1822 2429 rhetoricae
1851 2387 1903 2428 ad

385 2462 486 2504 Her.
505 2461 547 2504 II
568 2463 636 2517 24,
656 2463 724 2513 38,
744 2462 817 2503 ubi
838 2462 888 2502 de
910 2460 1153 2501 dilemmate
1173 2460 1277 2500 haec
1298 2459 1513 2501 dicuntur:
1546 2458 1753 2501 ‘Utuntur
1773 2458 1902 2513 igitur

386 2533 593 2576 studiosei
614 2531 814 2588 (studiosi
830 2539 864 2574 E
887 2531 1076 2573 studiose
1090 2528 1154 2586 M)
1176 2530 1332 2584 duplici
1359 2530 1632 2571 conclusione
1658 2529 1740 2570 lioc
1761 2527 1902 2570 modo’

387 2620 420 2647 e.
446 2619 485 2659 q.
511 2619 542 2646 s,
591 2602 705 2646 Nam
738 2602 1100 2645 Trimalchionem
1133 2601 1277 2643 eadem
1309 2600 1580 2642 conclusione
1613 2614 1695 2654 quo
1728 2614 1772 2640 se
1805 2614 1904 2653 quo-

388 2690 468 2730 que
495 2675 732 2718 studiosum
762 2688 854 2715 esse
887 2674 1124 2715 ostentaret
1160 2686 1283 2714 usum
1317 2672 1420 2713 satis
1453 2671 1592 2725 lepide
1624 2670 1727 2712 facit
1757 2669 1904 2711 Petro-

389 2747 484 2787 nius
516 2746 572 2788 48
611 2746 683 2800 qui
717 2745 911 2799 exposita
942 2742 1127 2786 rhetoris
1161 2743 1469 2785 controuersia:
1519 2741 1581 2784 ‘Si
1618 2741 1779 2782 factum
1811 2740 1905 2794 est'‚

390 2817 545 2871 inquit,
583 2817 894 2859 econtrouersia
930 2830 1017 2857 non
1051 2817 1131 2856 est:
1170 2814 1206 2856 si
1238 2814 1399 2856 factum
1432 2828 1517 2855 non
1549 2815 1632 2867 est,
1669 2812 1779 2853 nihil
1812 2811 1903 2853 est.²

509 2887 590 2929 Sed
616 2903 698 2942 quo
725 2887 864 2943 magis
891 2900 997 2941 quae
1023 2886 1154 2927 fuerit
1179 2885 1266 2927 ludi
1294 2885 1410 2926 illius
1443 2883 1633 2926 condicio
1667 2885 1708 2924 et
1739 2883 1903 2924 indoles

393 2961 611 3012 appareat,
640 2973 790 3012 operae
817 2958 1001 3012 pretium
1028 2956 1195 2997 uidetur
1221 2959 1264 2997 et
1290 2955 1579 2997 suasoriarum
1600 2956 1642 2995 et
1662 2956 1903 2995 controuer-
