2003 3116
130 1902 162 1927 10

133 2255 164 2282 15

595 703 674 753 [M.
716 700 906 748 TULLI
945 700 1274 747 CICERONIS

454 832 589 884 AD
675 828 1425 884 HERENNIUM

771 958 1099 1012 memsam.

686 1148 887 1190 LIBER
930 1147 1188 1191 PRIMUS.
1718 1206 1739 1246 1

296 1245 423 1300 <Etsi
457 1247 538 1298 [in]
573 1244 758 1299 negotiis
791 1243 1078 1285 familiaribus
1112 1242 1291 1297 inpediti
1324 1242 1395 1283 uix
1429 1241 1532 1283 satis
1566 1242 1734 1305 otium1

178 1317 320 1360 studio
354 1317 627 1372 suppeditare
660 1330 892 1370 possumus
932 1317 973 1355 et
1021 1314 1063 1355 id
1099 1314 1258 1369 ipsum,
1298 1313 1410 1368 quod
1450 1313 1575 1354 datur
1613 1313 1701 1368 otii,

177 1388 383 1430 libentius
415 1387 459 1429 in
492 1387 770 1442 philosophia
803 1400 1053 1428 consumere
1093 1385 1410 1437 consumimus,
1448 1387 1592 1425 tamen
1626 1387 1700 1425 tua

177 1475 277 1515 BOS,
319 1458 399 1500 Gai
437 1458 647 1512 Herenni,
685 1458 888 1500 uoluntas
928 1457 1178 1512 commouit,
1222 1460 1270 1497 ut
1301 1455 1357 1497 de
1396 1455 1596 1497 ratione
1631 1455 1702 1496 di-

180 1530 329 1573 cendi
356 1530 732 1584 conscriberemus,
763 1544 815 1570 ne
849 1531 923 1570 aut
955 1531 1028 1570 tua
1056 1542 1187 1570 causa
1218 1527 1405 1569 noluisse
1433 1529 1507 1568 aut
1537 1526 1701 1580 fugisse

178 1617 256 1644 nos
295 1601 486 1643 laborem
523 1604 709 1655 putares,
772 1600 830 1641 Et
869 1615 916 1641 co
960 1599 1191 1641 studiosius
1231 1599 1312 1640 hoc
1349 1598 1570 1653 negotium
1611 1612 1701 1639 sus-

180 1673 380 1727 cepimus,
414 1671 528 1727 quod
559 1675 602 1713 te
634 1686 720 1712 non
754 1671 845 1712 sine
872 1686 999 1713 causa
1027 1670 1134 1712 uelle
1162 1683 1419 1726 cognoscere
1446 1669 1701 1711 rhetoricam

181 1743 553 1799 intellegebamus:
586 1756 672 1783 non
707 1742 818 1783 enim
857 1741 902 1782 in
936 1756 980 1783 se
1020 1755 1171 1795 parum
1209 1740 1373 1782 fructus
1411 1740 1542 1782 habet
1580 1742 1703 1794 copia

181 1814 348 1856 dicendi
380 1816 423 1855 et
454 1813 736 1855 commoditas
771 1812 995 1866 orationis,
1030 1811 1065 1853 si
1098 1814 1216 1853 recta
1247 1811 1537 1866 intellegentia
1564 1814 1605 1852 et
1638 1812 1702 1853 de-

183 1886 306 1927 finita
340 1884 471 1926 animi
504 1883 794 1926 moderatione
828 1883 1100 1939 gubernetur.
1163 1882 1276 1931 Quas
1305 1883 1358 1924 ob
1387 1897 1452 1924 res
1478 1882 1566 1936 illa,
1598 1897 1703 1937 quae

184 1956 336 1998 Graeci
364 1956 594 2010 scriptores
623 1954 762 1996 inanis
791 1955 1071 2010 adrogantiae
1099 1968 1227 1995 causa
1255 1953 1336 1994 sibi
1365 1954 1705 2008 adsumpserunt,

181 2027 447 2083 reliquimus.
509 2025 621 2068 Nam
654 2026 730 2079 illi,
762 2040 814 2067 ne
846 2040 997 2082 parum
1031 2025 1170 2066 multa
1202 2024 1331 2065 scisse
1365 2024 1624 2078 uiderentur,
1656 2038 1705 2065 ea

185 2098 518 2153 conquisierunt,
551 2112 658 2152 quae
685 2097 792 2138 nihil
822 2097 1085 2149 adtinebant,
1118 2098 1165 2137 ut
1191 2111 1260 2137 ars
1288 2095 1504 2136 difficilior
1530 2095 1706 2150 cognitu

184 2172 424 2224 putaretur:
463 2184 542 2210 nos
577 2172 717 2210 autem
754 2183 821 2223 ea⁷
860 2182 968 2223 quae
1006 2167 1265 2208 uidebantur
1303 2166 1354 2207 ad
1393 2166 1606 2207 rationem
1646 2166 1705 2207 di-

187 2240 308 2282 cendi
352 2240 584 2295 pertinere,
628 2239 898 2293 sumpsimus.
972 2237 1071 2280 Non
1115 2237 1228 2279 enim
1274 2252 1348 2292 spe
1387 2239 1587 2292 quaestus
1634 2239 1707 2278 aut

188 2312 326 2367 gloria
347 2311 552 2354 commoti
578 2310 771 2352 uenimus
794 2309 846 2351 ad
874 2309 1157 2360 scribendum,
1185 2308 1544 2363 quemadmodum
1566 2308 1709 2363 ceteri,

189 2383 261 2424 sed
281 2384 328 2424 ut
347 2382 560 2424 industria
584 2384 733 2424 nostra
759 2386 858 2422 tuae
884 2396 1047 2422 morem
1075 2394 1274 2435 geramus
1301 2380 1530 2422 uoluntati.
1568 2378 1707 2430 Nunc,

188 2468 240 2494 ne
278 2454 458 2494 nimium
496 2454 628 2509 longa
666 2455 859 2494 sumatur
897 2451 1053 2506 oratio,
1090 2452 1141 2493 de
1179 2466 1224 2493 re
1262 2451 1401 2492 dicere
1442 2451 1707 2505 incipiem11S‚

310 2617 359 2651 M.
386 2615 500 2651 Tullii
527 2615 713 2651 Ciceronis
738 2616 785 2650 ad
804 2615 1030 2650 Herennium
1057 2607 1111 2648 lib
1132 2616 1147 2649 I
1172 2614 1274 2657 incip
1299 2614 1387 2649 lzin
1408 2615 1459 2649 bd
1483 2614 1588 2649 nulla
1600 2624 1708 2657 prae-

161 2715 165 2718 ·
188 2672 337 2716 scriptio
435 2671 455 2705 1
485 2669 523 2704 in
549 2680 605 2704 om
633 2669 855 2705 Omnibonus
950 2668 1120 2713 impediti
1200 2666 1225 2702 4
1249 2668 1312 2712 gai
1337 2678 1393 2702 om
1418 2668 1442 2702 cl
1538 2666 1562 2700 6
1589 2677 1707 2701 susce-

189 2724 311 2769 pimus
337 2724 408 2759 hoc
433 2722 626 2768 negotium
653 2723 672 2757 b
780 2723 798 2757 7
820 2722 1043 2757 rethoricam
1070 2720 1373 2765 intelligebamus
1472 2720 1495 2755 8
1520 2731 1650 2765 parum
1669 2719 1709 2755 in

189 2788 227 2811 se
254 2777 395 2811 fructus
420 2778 445 2812 d
505 2777 529 2811 9
554 2775 806 2821 intelligentia
868 2776 914 2810 11
942 2773 1176 2820 arrogantiae
1240 2774 1519 2819 assumpserunt
1585 2773 1634 2808 12
1653 2784 1708 2808 re-

189 2830 365 2874 liquimus
378 2831 583 2866 Lambinus
608 2829 851 2874 relinquimus
872 2829 914 2865 bZ
939 2829 1188 2873 relinquemus
1209 2828 1234 2863 d
1288 2826 1338 2862 13
1365 2826 1670 2871 conquisiuerunt
1686 2828 1710 2862 cl

189 2883 403 2920 attinebant
474 2884 522 2920 17
548 2884 638 2919 tuae
663 2894 720 2919 om
745 2883 758 2918 Z
