2003 3116
337 117 418 156 192
863 117 926 148 AD
955 117 992 149 c.
1021 117 1309 149 HERENNlUM

449 223 496 263 Iu
545 222 907 275 contemptionem
954 221 1235 275 adducemus,
1280 224 1315 263 si
1357 223 1574 276 inertiam,
1617 223 1848 277 ignauiam,

332 292 552 342 desidiam,
584 292 796 333 luxuriam
830 292 1171 334 aduersariorum
1201 292 1477 348 proferemus.

453 363 524 403 Ab
559 363 847 404 auditorum
881 378 1100 417 persona
1132 363 1426 406 beniuolentia
1459 363 1687 419 colligitur,
1713 364 1749 405 si
1781 379 1847 406 res

334 448 479 474 eorum
514 433 694 487 fortiter,
727 434 953 488 sapienter,
985 438 1219 489 mansuete,
1251 435 1475 490 magnifice
1514 433 1722 476 iudicatas
1754 450 1845 488 pro-

332 505 534 558 feremus,
565 507 608 545 et
634 504 684 558 si,
715 519 822 559 quae
849 505 898 545 de
924 506 977 545 iis
1005 505 1278 560 existimatio,
1305 520 1412 561 quae
1439 505 1583 547 iudicii
1610 505 1847 559 expectatio
1885 516 1901 541 5

331 576 400 630 sit,
432 575 683 630 aperiemus.

448 646 521 688 Ab
567 646 715 687 rebus
757 646 886 701 ipsis
932 647 1178 689 beniuolum
1229 648 1461 689 efficiemus
1513 648 1769 701 auditorem,
1813 649 1850 689 si

289 720 522 794 6nostram
557 732 728 759 causam
760 717 974 760 laudando
1008 719 1228 773 tollemus,
1267 719 1611 760 aduersariorum
1645 733 1719 773 per
1750 733 1848 760 con-

294 788 611 853 9temptionem
657 788 952 843 deprimemus.
1027 789 1234 844 Deinceps
1273 790 1328 831 de
1367 790 1716 831 insinuatione
1755 805 1849 844 ape-

328 860 523 901 riendum
556 861 660 914 est>
1873 872 1906 895 10

448 930 550 972 Tria
583 935 684 972 sunt
716 935 923 986 tempora,
957 933 1110 986 quibus
1144 933 1354 987 principio
1393 933 1456 973 uti
1489 947 1576 974 non
1609 947 1848 986 possumus,

330 1016 436 1056 quae
469 1002 698 1058 diligenter
732 1006 833 1044 sunt
864 1004 1188 1045 consideranda:
1229 1007 1303 1045 aut
1334 1018 1429 1045 cum
1468 1006 1637 1057 turpem
1676 1017 1847 1044 causam

329 1073 548 1127 habemus,
581 1074 662 1115 hoc
696 1077 777 1128 est,
817 1089 911 1115 cum
951 1074 1047 1128 ipsa
1085 1090 1153 1115 res
1195 1075 1384 1115 animum
1424 1074 1633 1116 auditoris
1667 1089 1691 1114 a
1723 1075 1848 1115 nobis

330 1145 505 1198 alienat3
539 1147 612 1186 aut
644 1160 738 1187 cum
772 1145 940 1186 animus
974 1145 1183 1187 auditoris
1214 1160 1443 1200 persuasus
1476 1160 1568 1187 esse
1600 1146 1768 1186 uidetur
1795 1146 1847 1186 ab

328 1216 399 1267 iis,
453 1216 525 1271 qui
572 1219 671 1258 ante
717 1219 865 1258 contra
910 1217 1126 1271 dixerunt3
1172 1220 1247 1258 aut
1290 1232 1384 1258 cum
1429 1216 1620 1258 defessus
1666 1219 1731 1257 est
1775 1225 1901 1258 eos15

331 1287 554 1341 audiendo,
587 1288 657 1342 qui
692 1291 790 1329 ante
824 1288 1032 1329 dixerunt.

449 1357 492 1400 Si
532 1373 662 1401 causa
699 1359 1007 1414 turpitudinem
1047 1359 1246 1413 habebit,
1287 1359 1471 1401 exordiri
1511 1359 1743 1413 poterimus
1780 1359 1847 1400 his

332 1429 586 1471 rationibus:
640 1416 750 1484 rem,
799 1430 1017 1471 hominem
1063 1431 1246 1485 spectari
1293 1433 1505 1485 oportere,
1551 1445 1636 1472 non
1682 1431 1847 1485 placere

329 1500 452 1542 nobis
474 1501 592 1555 ipsis,
619 1516 727 1555 quae
749 1501 863 1542 facta
890 1502 1084 1543 dicantur
1111 1502 1164 1542 ab
1192 1501 1459 1554 aduersariis,
1487 1504 1529 1542 et
1555 1516 1645 1542 esse
1671 1501 1849 1556 indigna

329 1575 403 1612 aut
434 1572 616 1626 nefaria,
649 1573 798 1613 deinde
830 1587 924 1614 cum
965 1573 1035 1613 diu
1075 1587 1162 1614 rem
1204 1573 1465 1628 auxerimus,
1502 1572 1609 1613 nihil
1649 1572 1786 1613 simile
1820 1587 1844 1613 a
1865 1582 1899 1606 20

328 1642 454 1683 nobis
488 1643 650 1684 factum
683 1643 976 1696 ostendemus,
1009 1646 1083 1684 aut
1122 1643 1360 1698 aliquorum
1395 1643 1599 1685 iudicium
1633 1642 1683 1684 de
1717 1643 1847 1684 simili

329 1728 457 1754 causa
490 1716 563 1754 aut
595 1714 644 1754 de
672 1713 817 1754 eadem
845 1716 919 1754 aut
945 1713 995 1754 de
1023 1714 1184 1754 minore
1205 1716 1279 1754 aut
1304 1713 1354 1754 de
1381 1713 1541 1755 maiore
1568 1713 1847 1768 proferemus,

329 1783 478 1825 deinde
512 1784 562 1824 ad
596 1787 787 1826 nostram
820 1798 991 1826 causam
1025 1784 1330 1838 pedetemptim
1371 1785 1617 1826 accedemus
1657 1787 1698 1825 et
1732 1785 1844 1825 simi-

328 1855 552 1896 litudinem
586 1855 865 1897 conferemus.
915 1854 1023 1896 Item
1059 1855 1093 1896 si
1125 1855 1377 1910 negabimus
1404 1870 1480 1896 nos
1508 1856 1557 1896 de
1591 1855 1846 1896 aduersariis

329 1928 403 1966 aut
435 1926 484 1967 de
517 1925 663 1980 aliqua
694 1941 737 1966 re
765 1927 968 1980 dicturos,
1001 1930 1042 1967 et
1068 1928 1212 1967 tamen
1239 1927 1405 1968 occulte
1431 1927 1620 1968 dicemus
1648 1927 1840 1968 interiec-
1867 1936 1899 1960 2¹5

328 1997 444 2038 tione
477 1997 717 2038 uerborum.

275 2078 316 2108 10
449 2067 491 2109 Si
530 2083 758 2122 persuasus
798 2068 968 2109 auditor
1005 2067 1182 2121 <fuer-it,
1220 2067 1262 2108 id
1305 2068 1415 2122 est),
1454 2067 1488 2108 si
1527 2068 1664 2109 oratio
1703 2067 1847 2109 aduer-

329 2140 538 2181 sariorum
570 2140 720 2181 fecerit
752 2140 877 2181 fidem
912 2138 1179 2180 auditoribus
1212 2161 1269 2167 ——
1301 2152 1439 2193 neque
1472 2139 1585 2180 enim
1612 2153 1698 2180 non
1723 2139 1846 2181 facile

447 2275 469 2308 5
496 2275 534 2309 et
558 2286 614 2309 om
639 2275 662 2308 d
746 2274 791 2307 iis
820 2273 1062 2319 Cratandrea]
1096 2273 1153 2307 his
1253 2272 1275 2307 S
1308 2272 1471 2307 laudand
1502 2273 1675 2307 tollemus
1702 2273 1733 2307 Ζ1
1769 2273 1845 2307 lau-

329 2327 449 2361 dando
466 2327 686 2362 extollemus
707 2327 804 2361 l2bd
865 2327 888 2361 9
904 2326 1161 2371 aperiendum]
1178 2327 1353 2360 utendum
1379 2337 1406 2361 s.
1427 2337 1449 2361 s.
1477 2330 1536 2360 ml
1571 2325 1810 2370 aperiendum
1826 2327 1845 2361 b

330 2380 374 2414 11
404 2379 508 2425 Tria]
539 2380 596 2414 hic
625 2381 808 2424 incipiunt
837 2382 872 2412 M
901 2383 1046 2423 praeter
1065 2380 1112 2422 B,
1145 2380 1249 2414 cuius
1270 2391 1361 2424 pez-rs
1389 2381 1566 2414 uetustior
1593 2381 1724 2423 incipit
1755 2384 1786 2422 7,
1804 2384 1843 2413 11

329 2433 450 2467 uerbis
483 2433 617 2467 Verum
653 2432 743 2467 haec
778 2444 836 2468 res
871 2433 1063 2467 utilitates.
1116 2434 1168 2466 In
1203 2433 1289 2466 ΗΡ
1315 2433 1599 2476 praescribitur.-
1636 2433 1698 2466 DE
1736 2432 1844 2466 INSI-

330 2486 580 2521 NUATIONE
618 2487 678 2520 ET
722 2485 896 2521 TRIBUS
938 2485 1244 2520 TEMPORIBUS
1282 2485 1526 2520 PRINCIPII:
1571 2487 1607 2520 in
1642 2488 1695 2520 H:
1731 2485 1844 2520 Marci

329 2540 444 2575 Tullii
470 2540 655 2575 Ciceronis
682 2539 729 2574 ad
756 2539 981 2574 Herennium
1007 2538 1069 2575 lib.
1092 2539 1106 2572 Ι
1133 2539 1178 2574 de
1205 2538 1417 2574 rhethorica
1449 2539 1582 2584 incipit
1613 2538 1774 2574 feliciter
1800 2539 1844 2572 de

329 2593 579 2628 insinuatione
606 2595 644 2628 et
669 2594 786 2627 tribus
812 2593 1042 2638 temporibus
1075 2591 1256 2636 principii.
1315 2593 1368 2626 In
1401 2592 1431 2627 Ο
1458 2593 1553 2627 nihil
1577 2593 1844 2636 praescriptum

332 2647 379 2681 13
395 2646 574 2681 auditoris
589 2647 752 2681 animum
767 2647 791 2681 d
852 2646 900 2680 14
921 2656 999 2680 esse
1015 2644 1178 2691 uidetur]
1194 2646 1340 2680 uidetur
1360 2656 1440 2680 esse
1461 2646 1532 2680 Hd
1588 2645 1635 2679 15
1650 2644 1693 2678 iis
1709 2645 1843 2689 Aldus]

330 2701 386 2733 his
502 2702 557 2734 est
577 2711 631 2734 om
652 2700 714 2734 H¹
805 2699 853 2733 18
868 2699 958 2734 Rem
973 2697 1160 2733 hominem
1176 2699 1247 2733 PG
1282 2699 1373 2733 Rem
1391 2709 1465 2733 non
1490 2698 1676 2732 hominem
1698 2696 1847 2731 HP2H

332 2754 420 2787 Rem
458 2764 529 2787 non
568 2753 753 2787 hominem
793 2753 979 2787 hominem
1006 2763 1078 2786 non
1103 2763 1180 2786 rem
1206 2756 1233 2785 E
1361 2751 1521 2796 spectari
1560 2749 1662 2785 PCE
1715 2762 1843 2795 expec—

330 2807 400 2840 tari
427 2806 513 2839 ΗΠ
613 2806 660 2840 22
688 2807 732 2840 de
759 2806 912 2851 maiore]
940 2806 1076 2840 maiore
1106 2806 1142 2838 P
1235 2805 1284 2839 23
1311 2805 1362 2850 et]
1391 2806 1428 2838 et
1453 2814 1517 2848 per
1544 2802 1574 2837 G
1666 2802 1713 2837 24
1734 2814 1841 2847 nega-

332 2859 451 2893 uimus
478 2858 539 2892 H¹
642 2859 688 2893 27
717 2859 862 2893 auditor
888 2858 1001 2893 fuerit
1026 2859 1063 2892 id
1088 2859 1146 2892 est
1170 2857 1201 2891 si
1225 2861 1252 2890 Ε
1292 2856 1439 2891 auditor
1464 2854 1496 2889 si
1520 2858 1555 2888 M
1657 2855 1706 2889 ‘28
1733 2856 1842 2890 fidem
