2003 3116
638 175 1009 210 PROLEGOMENA.
1531 169 1587 211 33

68 287 381 329 rhetoricorum
407 287 432 328 i.
460 302 492 328 e.
519 287 651 328 libros
679 286 728 327 de
754 286 840 327 inu.
862 309 915 314 -
938 284 990 326 ad
1010 282 1272 324 Herennium
1299 280 1514 323 rhetorica
1537 303 1585 308 —

70 359 121 400 de
159 360 328 400 oratore
355 382 410 387 --
438 360 652 400 oratorem
685 357 738 398 ad
763 356 946 398 Brutum
973 380 1028 384 -—
1055 353 1239 396 Brutum
1265 353 1315 394 de
1347 351 1589 394 oratoribus

70 429 196 471 claris
235 430 279 470 in
317 429 400 471 fine
438 429 655 483 mutilum,
693 428 793 483 quia
829 428 936 469 duae
974 427 1147 469 chartae
1191 424 1407 466 abscissae
1451 424 1590 465 erant:

72 501 182 543 conf.
215 500 521 555 Heerdegenus
553 499 817 541 Fleckeiseni
850 499 990 540 annal.
1022 498 1101 539 131
1135 512 1174 551 p.
1204 497 1298 538 106.
1350 495 1431 545 Qui
1461 493 1591 536 codex

73 573 109 614 si
135 572 264 614 medii
290 572 384 613 aeui
409 574 601 626 tempore
629 570 765 612 doctis
798 570 1059 611 innotuisset
1089 582 1176 609 non
1209 566 1494 609 dubitandum
1527 568 1592 607 est

72 643 175 698 quin
211 657 300 684 non
338 642 474 683 solum
514 642 646 683 libros
681 641 733 682 ad
764 640 865 681 Her.
898 640 969 681 sed
1006 640 1133 680 etiam
1168 638 1218 679 de
1251 640 1419 680 oratore
1452 639 1592 680 orato-

70 728 161 755 rem
188 712 486 768 suppleuerint
512 711 692 753 Brutum
728 711 1047 765 descripserint:
1081 710 1116 750 si
1148 708 1272 750 nobis
1304 710 1416 749 esset
1449 722 1591 762 super-

71 787 171 838 stes,
202 784 387 826 forsitan
419 782 534 824 solus
567 784 738 836 praeter
771 783 936 822 ceteros
969 780 1123 834 dignus
1157 780 1270 820 esset
1297 778 1369 832 qui
1395 777 1592 819 editionis

72 856 193 897 fieret
225 854 561 896 fundamentum.
613 851 694 894 Sed
726 866 862 906 neque
896 850 1176 907 apographon
1210 849 1388 890 duorum
1423 850 1593 890 illorum

73 927 331 982 scriptorum
368 924 532 966 scilicet
564 939 670 979 quae
704 921 1016 964 ‘habebantur'
1050 935 1157 963 saec.
1190 920 1271 962 XV
1303 920 1463 962 factum
1503 934 1593 961 esse

75 998 260 1039 traditur
291 1010 427 1051 neque
453 995 688 1037 Laudensis
721 995 764 1036 in
798 994 896 1036 edit.
924 994 1067 1047 aliqua
1098 992 1305 1034 librorum
1338 991 1388 1032 de
1416 992 1500 1032 inu.
1527 992 1594 1032 uel

75 1069 127 1111 ad
153 1068 254 1110 Her.
281 1067 498 1110 adhibitus
532 1069 608 1108 est.
658 1065 810 1121 Itaque
844 1065 956 1107 aliud
992 1064 1205 1119 quoddam
1239 1063 1453 1117 exemplar
1482 1062 1595 1117 quod

75 1140 324 1182 continebat
367 1137 623 1193 scriptorum
668 1152 813 1179 eorum
859 1151 966 1191 quae
1007 1136 1052 1176 in
1090 1135 1181 1177 cod.
1219 1134 1431 1176 Laudensi
1476 1136 1597 1176 erant

71 1213 238 1266 partem
275 1210 462 1265 priorem
496 1209 644 1251 eodem
678 1209 823 1251 ordine
856 1222 940 1263 quo
974 1206 1208 1248 Laudensis
1248 1206 1470 1247 inuentum
1503 1220 1595 1246 esse

73 1297 181 1324 saec.
213 1281 302 1323 fere
328 1279 413 1321 XII
440 1283 689 1321 statuemus.
740 1279 852 1321 Nam
886 1278 1002 1320 codd.
1035 1277 1132 1319 inde
1159 1292 1183 1318 a
1210 1291 1316 1318 saec.
1343 1276 1427 1318 XII
1454 1291 1595 1318 recen-

73 1355 204 1395 tiores
238 1367 388 1394 omnes
421 1352 507 1392 fere
533 1366 619 1393 non
646 1351 770 1393 sicuti
798 1351 860 1391 illi
887 1350 1144 1391 uetustiores
1175 1349 1310 1390 solam
1337 1348 1596 1390 rhetoricam

73 1425 126 1466 ad
153 1423 254 1466 Her.
282 1423 355 1465 sed
389 1423 472 1464 duo
505 1423 581 1464 illa
614 1437 743 1477 opera
773 1421 987 1463 rhetorica
1020 1421 1167 1462 eodem
1200 1418 1347 1461 ordine
1381 1433 1463 1473 quo
1491 1418 1596 1460 Lau-

75 1496 219 1537 densis
252 1495 475 1537 continent
506 1494 690 1549 digesta:
726 1493 837 1548 quod
871 1507 957 1535 non
984 1491 1154 1533 uidetur
1180 1505 1280 1532 casu
1306 1490 1467 1531 factum
1495 1505 1597 1531 esse.

75 1567 330 1622 Bybliopola
344 1566 476 1620 igitur
491 1564 661 1619 quidam
679 1579 787 1606 saec.
804 1563 865 1604 IV
881 1564 947 1605 uel
965 1563 1003 1604 V
1017 1563 1247 1604 editionem
1262 1562 1448 1617 quinque
1471 1562 1598 1616 scrip-

75 1642 218 1681 torum
245 1638 554 1680 rhetoricorum
583 1636 797 1678 Ciceronis
826 1635 1066 1677 confecerat
1092 1635 1210 1676 cuius
1238 1633 1437 1675 editionis
1463 1633 1599 1674 totius

77 1709 357 1765 apographon
390 1709 461 1750 ille
491 1708 572 1749 fuit
598 1707 843 1761 Laudensis‚
877 1706 1124 1747 dimidiatae
1156 1705 1287 1747 codex
1320 1705 1391 1745 ille
1423 1704 1599 1759 ignotus

78 1781 187 1823 unde
220 1795 326 1823 saec.
353 1780 437 1822 XII
470 1780 646 1822 lacunae
679 1779 885 1821 librorum
920 1778 971 1819 ad
1003 1777 1102 1819 Her.
1136 1780 1235 1818 sunt
1268 1777 1488 1830 suppletae
1520 1776 1597 1816 ini-

80 1853 189 1894 tium
223 1852 413 1894 additum
446 1852 553 1893 uitia
585 1851 720 1892 multa
753 1852 953 1892 correcta.
1004 1849 1153 1904 Neque
1181 1863 1259 1903 ego
1288 1847 1458 1902 quidem
1486 1861 1598 1888 recu-

83 1925 185 1966 sabo
213 1924 440 1979 quominus
460 1923 555 1978 quis
583 1924 755 1964 censeat
782 1922 868 1963 iam
888 1921 1152 1976 Hieronymo
1174 1920 1245 1975 qui
1272 1920 1296 1960 l.
1320 1935 1358 1974 p.
1381 1920 1406 1960 8
1428 1934 1459 1960 s.
1480 1922 1599 1973 quat-

78 1998 176 2037 tuor
197 1996 356 2050 scripta
382 1996 525 2049 priora
552 1994 753 2036 continuo
781 1995 1000 2034 enumeret
1025 1993 1157 2033 talem
1179 1991 1404 2032 editionem
1427 1993 1600 2045 praesto

78 2067 230 2108 fuisse:
261 2065 530 2108 Priscianum
563 2080 657 2107 eam
690 2065 891 2106 habuisse
923 2064 966 2104 in
1000 2064 1195 2104 manibus
1228 2063 1322 2104 ideo
1353 2063 1443 2103 ueri
1470 2062 1600 2103 simil-

78 2139 227 2180 limum
262 2137 376 2192 quod
408 2137 493 2178 tria
526 2151 655 2191 opera
687 2150 794 2190 quae
829 2149 983 2190 agmen
1015 2134 1175 2175 ducunt
1206 2134 1453 2189 saepissime
1485 2147 1601 2173 usur-

80 2210 200 2264 pauit
231 2209 273 2250 in
308 2208 515 2262 exemplis
548 2207 804 2261 adferendis,
837 2209 1051 2248 oratorem
1085 2206 1228 2260 semel,
1259 2219 1470 2259 nusquam
1499 2203 1601 2245 Bru-

80 2283 173 2322 tum
195 2282 385 2322 extremo
406 2279 501 2321 loco
521 2279 711 2334 positum
735 2280 1038 2333 praetereaque
1059 2276 1317 2318 monendum
1337 2276 1602 2317 Priscianum

84 2352 198 2407 quod
250 2367 379 2406 supra
428 2367 468 2406 p.
501 2351 527 2392 9
573 2350 847 2405 exposuimus
899 2364 1031 2391 unum
1081 2349 1223 2392 Iocum
1274 2348 1423 2390 eodem
1476 2348 1602 2389 modo

84 2424 239 2479 legisse
266 2423 310 2464 in
331 2437 407 2465 suo
435 2422 667 2476 exemplari
694 2424 942 2477 corruptum
968 2436 1050 2475 quo
1079 2420 1204 2462 hodie
1230 2420 1389 2475 legitur
1415 2419 1459 2460 in
1486 2418 1603 2461 codd.

85 2495 278 2549 expletis.
322 2494 386 2536 De
419 2494 573 2549 quibus
607 2492 723 2535 codd.
757 2494 843 2534 iam
876 2493 1073 2548 pluribus
1107 2491 1188 2533 erit
1221 2490 1446 2546 agendum.

201 2565 345 2609 Codex
376 2566 514 2620 igitur
543 2565 614 2606 ille
652 2565 762 2606 unde
800 2564 1085 2606 recentiorum
1118 2562 1250 2615 codd,
1281 2562 1353 2617 qui
1388 2563 1605 2616 integrum

84 2651 190 2692 opus
218 2636 440 2679 continent
464 2636 684 2691 prooemio
718 2635 882 2678 adiecto
910 2635 1160 2689 lacunisque
1188 2634 1378 2687 expletis,
1403 2647 1604 2674 numerus

83 2709 233 2764 ingens
271 2708 476 2750 deductus
515 2710 595 2762 est,
633 2707 809 2748 mutilus
845 2706 946 2761 fuit,
984 2705 1026 2746 H
1058 2705 1212 2747 codicis
1252 2704 1516 2758 simillimus,
1555 2718 1605 2744 ex

85 2781 169 2822 alio
207 2781 280 2821 illo
319 2779 408 2821 cod.
446 2779 615 2834 integro
653 2778 814 2832 passim
853 2779 1069 2819 correctus
1110 2779 1153 2818 et
1192 2776 1415 2830 suppletus
1457 2774 1604 2816 eodem

86 2851 212 2893 modo
245 2866 328 2906 quo
360 2851 569 2892 librorum
597 2849 646 2890 de
674 2851 844 2891 oratore
871 2848 991 2891 codd.
1017 2847 1161 2889 mutili
1194 2862 1299 2889 saec.
1326 2846 1407 2887 XV
1434 2846 1605 2887 ineunte

84 2923 269 2977 suppleti
297 2924 398 2964 sunt
424 2936 474 2962 ex
495 2920 708 2962 Laudensi
733 2920 904 2975 integro
932 2935 1016 2976 qua
1042 2919 1091 2960 de
1117 2934 1162 2961 re
1188 2918 1298 2961 conf.
1325 2917 1605 2960 FEllendtius

156 2998 203 3023 Ad
218 2998 407 3023 Herennium
426 2997 499 3022 libri
512 2997 564 3030 IV,
585 2998 628 3023 ed.
643 2997 752 3021 MARX.
1302 2992 1320 3022 3

1643 2546 1687 2571 De
1709 2546 1867 2572 codicibus

1653 2583 1784 2613 expletis
1806 2582 1827 2607 E
