2003 3116
684 187 1051 220 PROLEGOMENA.
1574 187 1626 228 31

109 296 204 338 dem
245 295 476 337 secundum
514 294 570 336 M.
598 293 805 336 Varronis
845 298 1121 350 praeceptum
1161 297 1273 337 recte
1314 296 1442 338 scribi
1480 311 1632 338 narare

107 367 287 419 naratio,
328 382 411 422 qua
450 365 500 407 de
539 380 583 406 re
622 365 733 408 conf.
772 365 1147 408 AWilmannsium
1187 367 1236 408 de
1263 366 1469 409 Varronis
1509 368 1630 410 libris

109 441 335 494 grammat.
366 453 407 493 p.
435 437 530 479 179.
582 436 717 486 Quam
752 437 1106 492 orthographiam
1141 452 1223 493 quo
1257 438 1398 480 minus
1430 453 1508 480 nos
1542 439 1629 480 illis

107 509 210 551 locis
257 523 539 565 agnoscamus
585 508 645 549 eis
689 508 947 563 impedimur
991 524 1098 564 quae
1144 512 1268 551 antea
1313 509 1362 551 de
1408 511 1630 566 scripturis

109 580 324 622 similibus
357 579 645 636 exposuimus,
678 594 785 634 quae
820 594 965 621 omnes
999 580 1043 621 in
1076 581 1404 624 semiuocalibus
1435 583 1633 624 obserua-

107 652 275 694 bantur.
327 651 444 701 Quae
482 665 549 692 res
594 650 762 692 facilem
809 652 932 692 nobis
977 652 1022 692 ni
1060 652 1186 693 fallor
1226 653 1415 694 omnium
1458 653 1632 695 illorum

106 723 308 765 uitiorum
342 722 675 777 explicationem
702 722 974 764 commendat
1004 726 1334 778 peropportune.
1385 723 1499 766 Nam
1532 739 1630 767 con-

107 797 192 836 stat
224 795 265 836 in
298 794 419 836 libris
453 793 670 835 ueteribus
704 793 985 836 semiuocales
1015 809 1102 836 non
1127 794 1261 836 fuisse
1288 797 1528 851 geminatas
1557 797 1630 839 sed

107 865 267 907 sicilico
319 880 446 919 super
495 864 683 906 litteram
736 865 939 919 imposito
991 866 1329 921 geminationem
1380 867 1632 909 indicatam:

107 936 218 978 conf.
250 935 473 978 FStolzius
506 935 597 977 Lat.
626 934 881 978 Grammat.²
901 952 939 991 p.
960 937 1046 979 254
1079 937 1371 979 EHuebnerus
1405 938 1551 980 Herm.
1572 938 1633 979 IV

104 1023 144 1062 p.
169 1008 255 1049 413
278 1022 392 1063 seqq.
432 1005 526 1049 Vel.
560 1007 691 1062 Long.
726 1006 799 1049 GL
833 1007 980 1062 VHp.
1013 1009 1068 1050 SO
1121 1008 1294 1058 Quintil.
1321 1009 1341 1050 I
1370 1010 1408 1064 7,
1432 1011 1485 1051 14
1518 1010 1631 1051 Fest.

104 1094 145 1134 p.
172 1078 257 1121 355
289 1079 346 1120 M.
361 1078 460 1120 Isid.
496 1079 598 1134 orig.
631 1077 651 1119 I
691 1079 765 1133 26,
786 1078 840 1120 29
880 1078 985 1121 Mar.
1014 1079 1177 1122 Victor.
1223 1080 1296 1122 GL
1329 1080 1391 1122 VI
1429 1096 1468 1135 p.
1497 1082 1521 1123 8
1562 1082 1632 1136 qui

103 1150 210 1192 haec
241 1150 391 1192 tradit:
424 1148 743 1192 ‘Consonantes
776 1150 943 1192 litteras
975 1166 1060 1193 non
1095 1151 1376 1207 geminabant
1407 1154 1455 1193 ut
1487 1152 1529 1194 in
1563 1151 1631 1193 his

105 1222 272 1264 Annius
298 1221 500 1265 Lucullus
527 1221 754 1264 Marcellus
788 1225 830 1263 et
863 1224 1014 1265 ceteris
1047 1223 1115 1265 his
1150 1223 1364 1266 similibus
1398 1225 1469 1266 sed
1500 1239 1630 1279 supra

106 1294 294 1335 litteram
316 1309 442 1349 quam
470 1293 681 1349 geminari
709 1293 936 1349 oportebat
963 1295 1172 1336 sicilicum
1199 1295 1489 1351 imponebant,
1512 1297 1631 1338 cuius

105 1365 244 1420 figura
274 1365 379 1407 haec
412 1368 478 1407 est
508 1365 547 1404 Α
581 1365 706 1420 idque
739 1367 833 1406 erat
865 1366 1035 1421 signum
1078 1367 1326 1422 geminandi
1366 1367 1476 1410 sicut
1509 1383 1633 1423 appa-

106 1440 171 1478 ret
201 1437 246 1478 in
278 1437 425 1479 multis
459 1437 595 1479 adhuc
627 1437 843 1479 ueteribus
877 1438 939 1479 ita
973 1438 1143 1493 scriptis
1178 1438 1330 1480 libris.9
1385 1438 1633 1481 Notandum

106 1523 207 1551 uero
234 1511 300 1550 est
327 1509 632 1565 grammaticos
660 1523 737 1563 pro
766 1509 972 1563 exemplis
1001 1509 1166 1551 adferre
1193 1510 1302 1552 talia
1335 1512 1632 1553 tantummodo

106 1581 239 1622 uerba
265 1581 308 1622 in
336 1581 488 1636 quibus
516 1580 794 1622 semiuocales
823 1581 984 1623 sicilico
1012 1584 1188 1623 ornatae
1215 1585 1353 1637 erant,
1379 1596 1465 1623 non
1490 1585 1634 1624 mutae

115 1676 162 1681 -
180 1667 279 1694 nam
301 1650 404 1694 CIL
425 1651 509 1692 XII
528 1652 615 1693 414
634 1652 761 1693 lectio
789 1652 1077 1695 incertissima
1104 1655 1167 1695 est
1192 1678 1241 1683 —
1265 1654 1399 1695 ueluti
1427 1668 1534 1709 quae
1555 1654 1631 1695 Isi-

106 1724 234 1766 dorus
255 1724 378 1765 affert
397 1708 480 1766 se’la
496 1720 588 1765 Sera
613 1721 748 1766 ageres
768 1739 959 1779 quaeque
969 1725 1217 1767 Victorinus
1239 1728 1282 1768 et
1303 1725 1415 1781 apud
1438 1725 1634 1781 Longum

108 1794 238 1837 Nisus
259 1809 406 1838 comese
426 1809 610 1838 consuese
630 1799 672 1837 et
693 1811 800 1851 quae
823 1797 875 1837 ab
898 1796 1129 1838 Huebnero
1152 1797 1248 1839 aliis
1271 1813 1319 1840 ex
1341 1797 1633 1861 inscriptioni-

107 1867 186 1908 bus
208 1868 485 1922 proferuntur
505 1867 698 1922 exempla
712 1864 924 1910 va’aiaes
940 1866 1031 1909 CIL
1048 1867 1268 1911 V121736
1290 1868 1502 1912 SabelioV
1522 1870 1631 1911 1361

107 1936 372 1982 ogaX3743.
404 1938 560 1981 Forma
582 1939 729 1981 sicilici
748 1939 792 1980 in
813 1939 1029 1994 lapidibus
1052 1940 1227 1994 spiritus
1248 1941 1356 1982 lenis
1384 1943 1511 1983 notae
1534 1956 1633 1995 qua·

106 2010 160 2051 lis
180 2010 262 2053 hoc
281 2013 474 2067 tempore
495 2012 614 2067 pingi
635 2011 747 2053 solet
769 2011 986 2053 simillima
1006 2014 1083 2066 est,
1110 2013 1153 2053 in
1181 2013 1302 2054 libris
1329 2013 1632 2067 manuscriptis

108 2083 323 2124 ueteribus
357 2083 440 2125 illis
475 2097 654 2137 quorum
687 2083 731 2124 in
763 2098 939 2125 numero
973 2083 1009 2125 si
1042 2086 1155 2125 recte
1183 2099 1313 2139 supra
1344 2084 1629 2127 iudicauimus

110 2153 367 2210 archetypus
394 2155 601 2197 librorum
623 2155 674 2196 ad
695 2154 796 2197 Her.
817 2155 900 2196 fuit
921 2155 1060 2209 qualis
1085 2155 1215 2196 fuerit
1237 2170 1287 2196 ex
1307 2156 1399 2198 loco
1416 2155 1632 2198 Victorini

110 2240 140 2266 s.
163 2240 194 2267 s.
213 2225 314 2267 licet
334 2240 604 2282 cognoscere.
645 2224 794 2282 Neque
814 2241 916 2268 uero
939 2226 1092 2268 desunt
1116 2227 1274 2268 indicia
1293 2228 1447 2281 quibus
1481 2227 1533 2269 ad
1559 2241 1633 2269 no-

109 2299 199 2337 tam
219 2296 409 2351 aliquam
431 2298 761 2340 semiuocalibus
783 2298 1050 2354 geminandis
1077 2298 1120 2339 in
1149 2298 1380 2354 archetypo
1410 2313 1538 2353 supra
1558 2299 1634 2339 im·

108 2368 295 2421 positam
316 2368 571 2411 deducimur.
610 2368 756 2412 Veluti
777 2385 870 2411 cum
891 2375 937 2411 M
955 2369 997 2411 Π
1012 2370 1080 2424 20,
1099 2370 1154 2411 33
1175 2384 1252 2425 pro
1273 2370 1412 2422 differt
1430 2370 1635 2425 praebue-

109 2439 167 2480 rit
185 2440 378 2513 idferturz
400 2441 500 2498 quid
519 2441 660 2497 magis
680 2441 903 2496 probabile
926 2456 1052 2497 quam
1075 2442 1185 2484 hanc
1208 2442 1464 2497 scripturam
1486 2445 1633 2484 natam

110 2537 202 2564 esse
229 2538 279 2564 ex
310 2525 434 2577 diferri
458 2525 666 2567 uocabulo
692 2525 804 2567 male
830 2525 1083 2567 intellecto?
1127 2525 1293 2567 Deinde
1320 2525 1538 2568 infinitiuo
1565 2526 1636 2567 ad-

107 2593 190 2646 seri
219 2593 263 2635 H
284 2596 351 2650 24,
372 2596 425 2638 37
454 2597 498 2637 in
523 2597 606 2638 fine
635 2612 762 2652 supra
787 2611 959 2638 uersum
987 2596 1190 2651 imposita
1216 2600 1281 2638 est
1306 2596 1351 2638 in
1377 2596 1419 2638 H
1446 2612 1464 2638 s
1491 2596 1636 2638 littera

111 2668 214 2707 nata
242 2681 291 2708 ex
314 2667 476 2709 sicilico
503 2670 550 2708 ut
577 2668 745 2710 uidetur
771 2668 883 2709 male
911 2668 1142 2718 intellecto,
1175 2668 1244 2722 25,
1259 2668 1313 2709 39
1340 2683 1418 2722 pro
1438 2669 1569 2722 pallet
1594 2671 1636 2709 et

109 2736 151 2778 H
177 2740 220 2779 et
245 2737 280 2779 B
307 2738 469 2781 habent
485 2740 621 2793 pallet
646 2755 729 2781 una
754 2739 901 2781 littera
928 2754 1064 2793 erasa,
1095 2738 1183 2780 PH
1201 2740 1330 2793 parit,
1362 2739 1407 2780 in
1433 2738 1474 2780 H
1508 2740 1581 2780 ml
1617 2754 1636 2780 r

111 2822 282 2851 rasurae
310 2811 639 2865 superimposita
667 2814 744 2865 est,
770 2811 814 2852 in
840 2811 875 2852 B
903 2811 980 2853 m2
1007 2811 1022 2851 l
1048 2813 1090 2852 et
1115 2811 1159 2852 in
1185 2826 1335 2853 rasura
1364 2811 1574 2853 collocata
1594 2814 1636 2852 et

71 2877 74 2881 ’
113 2894 241 2936 super
272 2896 480 2924 rasuram:
514 2881 555 2924 II
592 2883 657 2938 14,
676 2883 730 2924 21
760 2882 872 2938 quod
912 2882 1030 2924 codd.
1067 2896 1147 2937 pro
1185 2881 1397 2935 refellatur
1427 2883 1637 2937 praebent

112 2951 314 3007 referatur
345 2953 492 2996 eodem
524 2954 651 2996 modo
685 2968 765 3010 ego
799 2954 970 3009 quidem
1003 2953 1262 3009 explicarim.
1322 2954 1429 2996 Tum
1462 2953 1633 2996 etiamsi
