2003 3116
708 125 893 158 PROLEG
900 125 1076 158 OMENA.
1578 122 1660 162 163

147 236 260 276 unde
286 233 377 274 nati
403 235 503 274 sunt
524 233 714 288 genetiui
739 236 943 274 amatores
965 234 1079 284 fares
1104 225 1441 285 quadruplatores
1464 231 1507 272 Π
1528 231 1663 285 26,41

146 307 188 346 et
218 303 280 346 IV
303 304 371 357 51,
392 303 459 358 65,
493 307 622 357 testes,
654 305 898 357 quaesitores
935 303 1003 357 35,
1023 303 1078 344 47
1116 302 1162 343 in
1204 302 1511 356 antiquissimis
1544 301 1666 342 libris

147 375 307 416 seruati
357 375 595 416 cuiusmodi
644 375 752 416 uitia
801 374 963 429 passim
1008 374 1051 414 111
1089 380 1135 415 Μ
1180 373 1370 414 extitisse
1415 372 1667 428 apographa

146 449 360 487 testantur
393 460 573 500 quorum
601 445 902 499 antiquissima
928 443 990 485 IV
1011 445 1079 497 33,
1100 445 1158 485 44
1183 458 1261 498 pro
1287 445 1454 485 niueum
1480 443 1668 485 habeant

145 531 328 571 neumam,
355 516 458 557 alibi
477 516 653 570 emitari,
679 516 945 569 treptolemus,
969 514 1166 567 faeileme,
1191 515 1514 556 eommodisseme
1541 514 1667 555 sicuti

146 587 300 628 Bullet.
329 587 407 627 del.
439 587 538 627 inst.
569 586 754 628 archeol.
783 586 893 627 1861
928 601 967 639 p.
995 585 1048 627 37
1089 584 1131 625 in
1176 585 1457 639 inscriptione
1495 585 1669 634 emitari,

147 656 238 699 CIL
272 657 451 698 112997
496 657 654 711 legitur
699 660 1000 698 meo-entessemo
1044 655 1268 697 karessemo
1314 654 1376 696 lV
1403 656 1516 696 2183
1557 655 1668 696 Pele-

146 729 309 770 eusam’s
354 727 514 769 [1065
560 726 808 769 Mitredaas.
873 726 1010 776 Quare
1054 740 1107 767 ne
1151 726 1249 767 illas
1295 726 1464 780 quidem
1509 726 1668 767 formas

146 800 326 841 accedere
363 799 605 840 accedissent
642 799 809 841 coniecit
840 812 1041 852 praesens
1084 811 1254 838 seruare
1292 797 1512 851 potuimus
1550 797 1592 837 in
1625 803 1671 838 M

146 870 351 911 traditas:
383 870 648 911 seruauimus
680 873 825 911 tamen
857 883 1013 910 nomen
1046 868 1276 909 Pemzenses
1306 867 1348 908 II
1368 868 1440 921 28,
1461 868 1518 909 45
1558 867 1668 921 quod

148 940 257 995 apud
314 939 503 981 Plinium
554 944 750 982 seruatur
796 956 836 982 n.
869 940 909 982 h.
952 938 1143 980 [11107.
1216 938 1366 993 Itaque
1412 952 1671 992 quamquam

148 1013 234 1052 iam
268 1011 312 1052 in
344 1011 437 1066 lege
469 1011 578 1053 Iulia
615 1011 861 1065 municipali
885 1010 1150 1065 profitentem
1188 1010 1348 1050 similia
1384 1010 1673 1061 inueniuntur,

149 1097 227 1123 nos
254 1082 296 1123 in
323 1082 404 1123 hac
431 1083 597 1137 quidem
627 1098 671 1125 re
693 1083 810 1124 omni
831 1082 912 1122 fide
940 1084 983 1122 et
1004 1081 1261 1123 auctoritate
1289 1080 1485 1121 destituti
1512 1093 1670 1121 sumus

267 1153 415 1209 Longe
449 1153 574 1195 aliter
605 1168 672 1195 res
706 1153 893 1208 gerenda
933 1152 974 1193 in
1013 1152 1028 1192 i
1066 1152 1197 1207 longa
1237 1151 1286 1191 de
1326 1150 1446 1191 euius
1488 1164 1671 1204 pronun-

146 1225 327 1266 tiatione
360 1239 488 1279 supra
521 1225 685 1280 egimus
712 1239 751 1278 p.
772 1224 840 1278 96,
874 1238 1001 1278 quam
1029 1223 1155 1264 modo
1182 1222 1229 1269 ei,
1265 1221 1389 1262 modo
1424 1222 1439 1262 2]
1465 1221 1670 1275 scriptam

149 1311 241 1337 esse
273 1298 464 1351 tempore
504 1295 682 1338 Sullano
722 1298 765 1337 et
803 1294 1004 1336 Tulliano
1043 1294 1346 1347 inscriptiones
1386 1295 1618 1333 testantur:
1651 1307 1671 1333 e

148 1382 226 1422 pro
258 1367 273 1408 i
305 1368 436 1422 longa
473 1367 663 1421 positum
701 1369 750 1408 ut
787 1365 916 1407 nimis
955 1365 1160 1407 rusticum
1200 1365 1276 1405 illo
1316 1367 1508 1417 tempore
1548 1378 1671 1418 repu-

149 1439 326 1479 diabant
363 1436 492 1494 (conf.
525 1437 814 1480 ESchneideri
847 1436 1017 1478 dialecti
1052 1435 1230 1476 Latinae
1269 1435 1463 1488 exempla
1495 1450 1533 1488 p.
1558 1432 1672 1490 167).

149 1508 208 1550 Ei
239 1524 316 1563 pro
348 1510 365 1550 i
397 1511 613 1551 seruatum
653 1512 719 1550 est
750 1507 809 1549 IV
841 1508 906 1561 15,
931 1508 986 1548 22
1024 1520 1168 1548 nomen
1206 1506 1431 1559 splendorei
1465 1519 1512 1546 ae
1543 1505 1675 1546 decori

149 1583 216 1633 est,
248 1580 320 1621 ubi
351 1580 556 1633 splendori
580 1585 628 1629 E,
659 1579 848 1631 splendor
878 1578 915 1618 ei,
939 1583 984 1618 M
1011 1580 1186 1631 excepto
1215 1575 1258 1618 C.
1310 1575 1427 1624 Quae
1462 1576 1674 1630 scriptura

151 1666 245 1693 cun]
286 1651 376 1692 sine
414 1650 544 1692 dubio
584 1649 833 1703 saepissime
873 1648 1012 1689 deleta
1053 1648 1127 1703 sit,
1163 1662 1241 1689 nos
1280 1647 1416 1688 tutius
1457 1661 1549 1688 esse
1591 1646 1674 1687 rati

152 1736 298 1763 sumus
339 1724 382 1763 et
414 1721 580 1763 cautius
620 1734 715 1760 eam
746 1719 971 1760 restituere
1003 1719 1076 1760 ubi
1107 1733 1185 1773 pro
1216 1725 1234 1759 i
1265 1719 1310 1759 in
1348 1717 1466 1759 codd.
1501 1716 1674 1771 optimis

150 1808 172 1834 e
205 1795 368 1847 exstat,
406 1806 666 1847 quamquam
707 1790 864 1832 scimus
904 1794 946 1831 et
982 1789 1217 1831 HKeilium
1251 1789 1333 1830 tibe
1369 1788 1442 1830 ube
1481 1802 1675 1828 seruasse

149 1864 191 1905 in
225 1863 435 1905 Varronis
468 1879 498 1904 r.
525 1878 558 1904 r.
584 1862 706 1903 libris
739 1864 782 1903 et
820 1861 927 1902 illud
961 1876 982 1902 e
1020 1876 1097 1915 pro
1134 1868 1152 1901 i
1190 1861 1380 1916 positum
1420 1860 1465 1900 in
1504 1859 1675 1900 infimae

150 1934 401 1976 Latinitatis
441 1933 730 1976 monumentis
768 1933 931 1987 passim
970 1932 1153 1973 inueniri
1197 1931 1336 1973 ueluti
1371 1931 1496 1983 felius
1533 1932 1676 1971 exstat

151 2005 243 2047 CIL
263 2005 367 2047 XIV
393 2007 516 2047 1011.
562 2005 678 2054 Quae
698 2019 766 2046 res
784 2004 836 2045 ad
857 2005 1123 2058 corruptelas
1144 2006 1258 2044 recte
1284 2002 1494 2044 tollendas
1522 2001 1676 2042 summi

154 2077 361 2118 momenti
407 2079 489 2118 est:
533 2076 668 2117 ueluti
711 2075 731 2116 I
762 2075 913 2129 12,2Ο
957 2089 1034 2129 pro
1079 2075 1194 2128 silius
1238 2080 1284 2115 M
1323 2073 1478 2114 habuit
1520 2072 1676 2126 melius,

150 2147 193 2189 II
219 2148 259 2202 2,
279 2148 305 2188 2
337 2162 414 2202 pro
447 2148 594 2188 uitari:
633 2147 769 2187 uetari
806 2145 869 2187 IV
895 2147 970 2198 37,
990 2146 1045 2186 49
1078 2159 1156 2199 pro
1196 2145 1322 2186 amici
1358 2145 1559 2197 ipsorum:
1593 2144 1677 2183 tow-c

151 2223 188 2260 et
217 2219 413 2273 ipsorum,
446 2218 514 2272 39,
535 2218 590 2260 51
625 2217 698 2258 ubi
729 2224 765 2257 E
797 2220 968 2258 aetatem
999 2220 1037 2258 ez}
1065 2217 1193 2266 uires,
1224 2223 1270 2257 M
1302 2217 1411 2256 teste
1445 2214 1486 2255 H
1524 2214 1677 2254 habuit

152 2293 324 2331 aetatem
360 2289 481 2331 heres.
551 2287 704 2342 Itaque
750 2291 795 2329 et
838 2288 904 2328 his
948 2287 1054 2329 locis
1101 2289 1143 2328 et
1188 2286 1285 2327 aliis
1329 2286 1366 2327 ei
1408 2285 1676 2326 restituimus

154 2361 489 2417 scripsimusque
527 2359 548 2401 I
577 2360 650 2413 16,
671 2360 727 2401 26
775 2358 947 2401 Graecei
990 2358 1032 2399 II
1059 2358 1135 2413 24,
1155 2359 1210 2401 38
1249 2357 1462 2407 studiosei,
1500 2355 1565 2397 III
1591 2356 1630 2409 4,
1652 2356 1676 2396 8

152 2433 281 2483 reetez',
308 2431 371 2473 IV
399 2432 436 2486 3,
457 2430 483 2472 5
509 2431 701 2481 nominei,
728 2429 792 2471 III
813 2430 853 2484 4,
876 2431 898 2471 7
926 2430 1147 2485 iudicialez',
1171 2430 1237 2479 12,
1259 2430 1311 2470 21
1342 2428 1454 2481 lenez',
1486 2426 1548 2468 IV
1570 2427 1675 2481 8,11

152 2504 315 2557 qrauei,
345 2502 390 2543 Π
419 2502 484 2555 16,
505 2502 561 2543 24
595 2501 777 2553 fraudei,
808 2500 872 2542 IV
900 2501 968 2554 36,
987 2502 1044 2542 48
1084 2501 1288 2550 eriminei,
1329 2501 1396 2554 14,
1416 2500 1466 2541 21
1509 2498 1679 2552 amaret,

155 2575 224 2628 22,
245 2575 298 2615 31
332 2573 524 2626 sepeliret,
556 2571 599 2612 II
625 2573 694 2626 24,
715 2572 782 2613 38.
815 2572 883 2625 26,
903 2572 971 2612 42.
1005 2571 1073 2622 31,
1093 2571 1150 2612 50
1181 2570 1245 2611 III
1277 2571 1340 2623 10,
1363 2570 1416 2611 18
1450 2567 1513 2610 IV
1536 2568 1602 2622 15,
1623 2567 1673 2608 21

154 2646 223 2700 sei,
254 2645 328 2686 ubi
360 2645 404 2686 in
435 2649 481 2684 M
519 2645 611 2684 erat
641 2656 682 2684 se
718 2643 788 2683 uel
824 2643 908 2692 sed,
947 2640 1013 2682 III
1039 2642 1108 2695 21,
1128 2642 1186 2683 34
1223 2640 1285 2681 IV
1315 2641 1380 2694 19,
1400 2641 1455 2681 27
1489 2640 1572 2692 nei,
1603 2639 1678 2679 ubi

153 2717 198 2757 in
235 2723 281 2757 M
319 2718 411 2756 erat
447 2727 527 2755 ozee.
600 2712 774 2753 Etenim
819 2711 1027 2753 eiusmodi
1064 2711 1320 2765 corruptelis
1361 2710 1515 2764 quibus
1554 2723 1605 2750 ex
1643 2710 1680 2751 ei

153 2801 238 2828 non
270 2800 301 2839 e,
336 2785 406 2827 sed
439 2799 480 2827 ee
511 2785 558 2826 ed
582 2783 742 2825 similes
769 2785 896 2824 natae
929 2784 1031 2824 sunt
1059 2782 1294 2836 scripturae
1322 2795 1400 2822 nos
1433 2780 1680 2821 deducimur

156 2857 210 2899 ad
241 2871 335 2898 eam
369 2871 496 2910 quam
523 2855 788 2897 instituimus
813 2854 1057 2902 rationem„
1085 2852 1232 2894 Veluti
1252 2851 1313 2893 IV
1337 2852 1404 2907 18,
1424 2852 1479 2893 26
1506 2851 1681 2893 oratorei

1326 2921 1396 2956 11*
