2003 3116
651 121 1018 155 PROLEGOMENA.
1531 119 1554 160 S
1565 120 1582 159 l

67 245 205 286 neque
251 230 523 286 suppeditare
567 231 709 286 potuit
751 245 888 285 neque
933 229 1105 271 laudare
1151 230 1204 271 ab
1245 229 1340 271 aliis
1382 229 1587 283 prolatos

67 301 109 343 Is
152 308 281 356 porro
326 304 577 356 praeceptor
621 301 798 343 Latinus
845 300 1051 342 Graecam
1096 300 1311 355 quandam
1358 302 1492 341 artem
1543 301 1588 341 111

68 388 191 414 suum
224 388 348 414 usum
381 372 594 414 conuertit
627 372 908 426 adhibuitque
948 371 1075 412 simul
1115 371 1427 413 rhetoricorum
1460 369 1585 412 Grae-

72 458 218 485 corum
255 436 563 485 translationes
603 443 873 484 uetustiores.
935 442 1046 483 Nam
1080 443 1142 483 ita
1173 442 1334 484 factum
1368 457 1458 484 esse
1491 442 1587 483 inde

69 515 122 556 ab
157 514 470 569 antiquissimis
504 514 770 567 temporibus
804 528 936 568 usque
969 513 1020 554 ad
1047 513 1301 554 Theoderici
1333 514 1446 568 regis
1475 517 1587 554 aeta-

67 589 154 627 tem
187 586 410 626 innumera
447 584 651 625 euincunt
688 585 893 639 exempla.
957 583 1249 625 Grammatica
1281 583 1443 626 Graeca
1475 588 1587 639 post-

69 672 193 711 quam
224 657 393 697 inuecta
420 658 486 696 est
511 656 554 695 in
583 655 730 696 urbem
759 658 801 696 et
825 670 982 696 nouam
1011 657 1053 695 et
1079 654 1246 696 felicem
1274 656 1386 696 inter
1414 656 1588 697 Latinos

69 728 218 783 genuit
261 727 517 768 doctrinam:
561 726 754 767 rhetores
800 725 944 767 Latini
987 740 1064 780 per
1109 726 1252 766 omnia
1298 727 1466 767 saecula
1518 728 1588 781 qui

67 799 278 840 florebant
308 798 416 839 nihil
448 797 532 838 nisi
565 796 826 838 Graecorum
858 799 1085 851 praecepta
1118 797 1406 838 decantabant
1435 798 1589 839 Latine

66 884 143 911 nec
173 870 314 924 potuit
346 869 560 910 rhetorica
590 883 793 923 umquam
821 883 897 909 nec
924 867 1200 922 philosophia
1228 867 1437 909 Graecum
1465 870 1586 910 illum

68 956 117 983 ac
147 940 422 996 peregrinum
461 940 627 981 abicere
667 940 866 981 colorem.
930 939 1051 988 Quod
1086 938 1215 980 etiam
1250 939 1375 980 hodie
1408 940 1451 980 in
1485 941 1589 981 artis

67 1012 287 1054 uocabulis
319 1011 592 1065 perspicuum
626 1014 712 1052 est:
746 1011 788 1051 111
822 1010 1104 1066 grammatica
1137 1009 1291 1051 Latine
1325 1011 1523 1052 dicuntur
1549 1015 1591 1052 et

67 1083 396 1138 intelleguntur,
435 1083 479 1123 in
517 1082 730 1123 rhetorica
769 1081 942 1124 Graece.
1004 1081 1233 1136 Interroga
1272 1097 1451 1135 puerum
1492 1083 1590 1137 quid

68 1155 126 1196 sit
156 1154 334 1209 μετοχή,
368 1154 636 1208 σύνδεσμος,
674 1154 906 1207 αἰτιατικήῑ
946 1168 1031 1194 11011
1063 1152 1242 1194 habebit
1275 1154 1384 1207 quod
1419 1168 1591 1207 respon-

68 1226 178 1267 deat.
217 1227 277 1266 At
303 1225 339 1266 si
368 1225 658 1280 participium,
692 1225 1047 1278 coniunctionem,
1081 1225 1373 1265 accusatiuum
1408 1225 1590 1279 appella-

68 1297 195 1351 ueris,
225 1296 351 1338 facile
385 1310 429 1337 se
462 1296 661 1337 inueniet.
726 1295 886 1338 Contra
920 1296 992 1350 qui
1024 1296 1109 1337 cito
1146 1295 1371 1350 intelleget
1403 1297 1503 1350 quid
1537 1296 1591 1337 sit

67 1368 318 1422 hyperbole,
356 1367 626 1421 metaphora,
666 1367 943 1422 apostrophe,
980 1367 1261 1421 metonymia,
1294 1368 1335 1408 in
1371 1367 1589 1409 uocabulis

70 1440 213 1494 qualia
259 1442 358 1480 sunt
403 1439 657 1493 superlatio,
698 1439 943 1493 translatio,
989 1439 1264 1493 exclamatio,
1302 1438 1591 1479 denominatio

67 1510 319 1563 haesitabit,
359 1525 453 1551 cum
493 1525 728 1565 numquam
767 1511 827 1551 ita
865 1525 943 1551 usu
982 1510 1142 1550 fuerint
1180 1511 1283 1551 trita
1324 1512 1365 1550 et
1410 1512 1592 1563 recepta,

68 1585 115 1623 ut
151 1597 239 1624 non
276 1583 465 1636 potuerit
502 1581 649 1623 rhetor
689 1582 842 1636 aliquis
882 1581 1058 1622 Latinus
1106 1596 1153 1622 ea
1200 1581 1325 1622 nouis
1371 1581 1593 1622 uocabulis

68 1656 231 1694 uertere
258 1652 420 1694 Latine.
470 1652 686 1694 quenalis
720 1653 763 1693 in
797 1655 942 1694 satura
963 1651 1046 1693 VII
1074 1653 1116 1693 in
1147 1667 1230 1707 qua
1263 1652 1316 1693 ad
1350 1652 1592 1706 exemplum

69 1723 221 1766 Orbilii
272 1724 390 1766 illius
440 1724 731 1778 professorum
783 1725 980 1779 exposuit
1031 1724 1209 1765 iniurias
1267 1726 1312 1765 et
1366 1738 1593 1765 aerumnas

68 1811 106 1837 u.
144 1797 222 1837 177
264 1796 479 1838 rhetorem
519 1796 638 1838 iubet
678 1796 865 1838 scindere
899 1795 1112 1837 Theodori
1154 1799 1309 1849 artem,
1348 1794 1596 1850 grammati-

69 1883 164 1909 cum
196 1883 234 1908 u.
262 1868 349 1909 215
381 1866 545 1909 inducit
576 1870 714 1909 artem
740 1867 1014 1909 Palaemonis
1046 1869 1320 1909 tractantem.
1366 1865 1519 1921 Itaque
1545 1880 1595 1907 ea

69 1939 342 1993 potissimum
380 1939 424 1980 in
463 1939 691 1981 rhetoricis
731 1939 898 1981 Latinis
936 1939 1082 1980 ualeat
1120 1952 1293 1980 necesse
1337 1940 1403 1979 est
1446 1938 1595 1993 regula

71 2013 113 2051 et
144 2025 295 2052 norma
321 2010 578 2052 tractandis:
609 2026 727 2052 mera
754 2010 1006 2066 apographa
1032 2024 1081 2050 ea
1108 2024 1199 2051 esse
1227 2010 1384 2051 additis
1411 2012 1595 2050 tantum-

71 2081 197 2124 modo
229 2082 386 2124 uerbis.
448 2080 586 2130 Quare
620 2097 721 2123 sane
761 2082 855 2123 fieri
893 2082 1035 2136 potuit
1069 2085 1114 2122 ut
1148 2079 1295 2123 Cicero
1335 2095 1429 2122 cum
1468 2080 1594 2121 modo

71 2153 183 2194 hunc
217 2153 343 2194 modo
376 2153 497 2194 illum
531 2156 733 2208 sequatur
766 2156 984 2195 auctorem
1018 2152 1246 2207 Graecum,
1284 2153 1370 2193 alia
1402 2151 1595 2193 docuerit

70 2225 115 2264 in
145 2223 266 2265 libris
299 2223 349 2264 de
380 2224 483 2275 inu„
523 2224 607 2265 alia
638 2225 683 2265 in
721 2224 843 2266 libris
877 2224 929 2266 de
961 2239 1033 2278 or.,
1067 2224 1152 2265 alia
1190 2224 1233 2264 in
1271 2223 1593 2278 partitionibus,

70 2295 146 2336 ubi
175 2295 237 2336 nil
269 2295 371 2336 fecit
401 2295 486 2336 nisi
519 2298 567 2337 ut
596 2296 843 2337 Academici
883 2296 1061 2337 alicuius
1094 2294 1290 2336 Philonis
1323 2295 1367 2335 ni
1406 2294 1596 2336 fallimur

72 2369 299 2421 praecepta
324 2367 450 2408 modo
479 2365 641 2408 Graece
674 2367 833 2409 tradita
865 2370 1054 2409 uerteret
1086 2366 1243 2408 additis
1271 2366 1476 2420 exemplis
1504 2380 1595 2420 per-

72 2438 218 2493 paucis
245 2437 429 2480 Latinis:
461 2453 538 2481 nec
571 2440 717 2494 magni
750 2439 854 2480 fecit
881 2438 994 2494 quod
1021 2438 1062 2479 in
1092 2438 1201 2479 libro
1228 2437 1279 2479 de
1306 2452 1365 2479 or.
1386 2437 1405 2478 Ι
1427 2438 1594 2491 31,13ε)

72 2508 400 2551 constitutiones
434 2512 657 2565 quattuor,
695 2510 739 2552 II
767 2511 835 2564 30,
860 2511 942 2553 132
976 2513 1084 2565 tres,
1116 2509 1181 2550 III
1212 2509 1276 2564 19,
1306 2510 1359 2550 ΤΟ
1393 2512 1596 2563 quattuor

73 2595 166 2622 esse
217 2580 370 2622 debere
420 2581 750 2623 interlocutores
801 2582 950 2624 docere
1002 2582 1136 2622 lector
1187 2580 1329 2635 potuit
1380 2594 1455 2621 suo
1506 2580 1595 2620 iure

74 2652 234 2693 mirari.
307 2651 426 2708 Ergo
480 2652 525 2693 in
580 2652 702 2694 libris
757 2652 807 2693 de
860 2652 946 2694 inu.
1000 2654 1172 2693 seruata
1225 2650 1349 2692 nobis
1404 2653 1469 2692 est
1528 2665 1595 2692 ars

74 2724 278 2778 quaedam
329 2722 492 2765 Graeca
542 2738 651 2777 quae
703 2722 920 2765 Ciceronis
970 2726 1222 2778 praeceptor
1271 2722 1418 2763 eodem
1471 2721 1596 2763 modo

75 2795 204 2836 uertit
233 2794 387 2836 Latine
421 2809 504 2849 quo
538 2793 776 2849 C.Valgius
811 2794 1064 2850 Apollodori
1096 2796 1339 2848 praecepta,
1371 2793 1478 2834 Iuba
1510 2792 1596 2833 He-

75 2865 229 2908 liodori
278 2866 475 2920 metrica,
525 2865 811 2921 Hieronymus
863 2866 1039 2908 Eusebii
1084 2865 1303 2918 chronica,
1353 2864 1595 2906 Priscianus

146 2941 196 2967 Ad
209 2942 397 2967 Herennium
415 2942 488 2967 libri
503 2942 554 2974 IV,
576 2943 620 2967 ede
635 2942 745 2967 MARx.
1294 2938 1312 2968 6
