2003 3116
641 188 1008 222 PROLEGOMENA.
1530 187 1583 227 15

63 297 108 338 in
145 312 184 338 u.
217 295 357 337 Plauti
396 310 526 351 supra
562 311 600 350 p.
632 297 685 337 13
727 296 856 337 allato
894 299 1010 337 recte
1047 295 1192 350 posuit
1229 296 1461 337 commenita
1497 309 1583 336 non

63 367 278 409 commissa
311 369 384 408 aut
415 381 465 407 ex
498 381 575 408 sua
607 366 742 420 ipsius
775 367 1019 408 coniectura
1049 368 1122 408 aut
1149 366 1341 408 adhibito
1368 365 1583 408 Ciceronis

63 438 173 479 libro
213 438 263 479 de
301 438 384 479 inu.
417 437 437 478 I
469 437 543 491 50,
569 437 637 478 95.
699 436 898 479 Codicem
936 437 1114 479 contuli:
1157 437 1371 479 indicatur
1407 440 1512 479 nota
1548 436 1584 477 B

64 509 190 551 sicuti
236 509 348 564 apud
393 507 609 550 Simonem
659 510 702 549 et
747 507 1094 550 GFriedrichium
1137 509 1179 549 in
1231 509 1328 551 edit.
1371 508 1585 563 Lipsiensi

65 581 166 622 anni
190 580 304 622 1884
330 579 401 620 ubi
429 578 661 620 nonnullae
687 578 778 620 eius
805 579 1039 633 scripturae
1067 580 1284 634 expositae
1311 580 1586 621 inueniuntur

63 652 108 693 in
140 650 416 693 adnotatione
447 650 607 691 critica.

180 723 220 764 4.
252 720 396 764 Codex
423 720 693 762 Corbeiensis
719 721 786 762 uel
814 721 1162 776 Petropolitanus
1195 721 1333 763 forma
1364 722 1450 763 fere
1484 737 1583 777 qua·
1599 718 1868 783 Οθᾶθζὶξθᾶῗθῑθῐὶ·

64 794 210 835 dratus
249 793 321 847 qui
360 792 611 834 adseruatur
642 792 686 833 in
724 792 1002 847 bybliotheca
1039 793 1315 847 imperatoria
1348 793 1585 848 Petropoli-

62 869 166 906 tana
192 864 385 920 signatus
410 866 515 905 nota
541 863 588 904 F
604 863 673 905 vel.
701 866 729 905 8
752 867 856 905 auct.
882 864 997 906 class.
1025 864 1177 918 Latin„
1204 864 1397 918 scriptus·
1416 865 1585 906 saeculo

63 935 121 977 IX
167 936 235 977 uel
278 934 318 977 X
368 934 632 990 Karolingiis
682 935 839 976 litteris
890 936 1140 977 minusculis
1192 936 1297 977 satis
1349 935 1583 991 diligenter.

64 1006 245 1049 Constat
288 1005 403 1048 foliis
449 1007 516 1048 87.
578 1005 629 1047 In
673 1005 789 1048 foliis
837 1007 990 1048 1—-48
1035 1006 1078 1047 id
1123 1009 1188 1048 est
1231 1007 1584 1061 quaternionibus

61 1078 278 1133 prioribus
324 1091 396 1119 sex
435 1077 596 1131 scripta
633 1079 699 1118 est
742 1077 957 1120 rhetorica
1003 1077 1053 1118 ad
1100 1077 1199 1119 Her.
1232 1078 1330 1119 inde
1370 1093 1394 1119 a
1431 1077 1451 1118 I
1483 1078 1527 1131 6,
1560 1080 1584 1119 9

62 1150 132 1191 ria
162 1152 260 1191 suut
290 1152 469 1202 tempora
502 1148 554 1189 ad
580 1147 640 1189 IV
668 1148 737 1202 52,
765 1149 820 1190 65
853 1149 932 1190 Viso
963 1148 1059 1191 haee
1089 1150 1252 1191 flixerat
1281 1163 1372 1191 cum
1403 1163 1484 1191 ecee
1514 1150 1588 1191 istc

64 1221 206 1263 deleta
244 1220 479 1262 uetustiore
518 1220 730 1274 scriptura
769 1220 888 1262 cuius
922 1220 1106 1275 uestigia
1138 1221 1298 1275 passim
1337 1223 1586 1262 cernuntur:

67 1306 174 1346 quae
213 1294 414 1334 secuntur
450 1291 522 1332 fol.
554 1291 730 1332 49—64
769 1292 858 1333 siue
899 1292 1202 1346 quaterniones
1242 1291 1324 1333 duo
1364 1292 1587 1334 continent

65 1362 283 1406 Ciceronis
317 1362 366 1404 de
395 1362 481 1404 inu.
507 1361 550 1403 II
578 1363 616 1417 8,
641 1363 695 1404 27
730 1378 864 1418 usque
898 1364 950 1404 ad
976 1363 1019 1404 II
1046 1364 1113 1417 52,
1144 1364 1223 1405 157
1259 1363 1354 1404 inde
1388 1378 1412 1404 a
1443 1363 1585 1404 uerbis

61 1435 422 1477 demonstrandum
447 1434 525 1475 erit
548 1434 750 1486 defensori
781 1434 833 1475 ad
859 1435 992 1476 uerba
1023 1436 1131 1488 quod
1155 1449 1231 1477 sua
1256 1436 1301 1476 ui
1326 1448 1399 1476 uos
1430 1434 1588 1476 alliciat

60 1507 117 1548 ad
145 1520 235 1548 sese.
290 1505 399 1546 Tum
426 1505 470 1546 in
502 1505 616 1547 foliis
643 1505 710 1547 65.
739 1506 793 1547 66
827 1506 1103 1547 inueniuntur
1135 1506 1374 1548 rhetoricae
1408 1505 1460 1546 ad
1486 1505 1586 1546 Her.

60 1592 168 1632 quae
194 1579 372 1619 restant.
415 1576 506 1619 Fol.
534 1577 587 1618 67
605 1592 636 1617 r.
661 1579 703 1617 et
730 1577 785 1619 68
806 1592 843 1619 u.
866 1591 1000 1619 uacua
1027 1580 1144 1619 sunt:
1176 1577 1248 1619 fol.
1276 1577 1329 1618 67
1347 1593 1383 1618 u.
1412 1580 1455 1618 et
1482 1577 1536 1618 68
1552 1592 1582 1618 r.

60 1648 286 1690 continent
310 1647 607 1690 definitionum
634 1648 930 1690 collectionem
958 1649 1091 1690 ueluti
1120 1649 1291 1690 talium:
1324 1648 1488 1690 ‘Virtus
1522 1651 1587 1689 cst

62 1720 194 1761 animi
226 1719 400 1761 habitus
433 1720 478 1761 in
508 1722 687 1761 naturae
720 1720 893 1762 modum
925 1720 1085 1762 rationi
1117 1723 1429 1762 consentaneus
1457 1718 1586 1776 (conf.

58 1789 166 1832 Mar.
192 1790 402 1833 Victorin.
428 1790 550 1832 RLM
582 1806 622 1846 p.
654 1791 756 1846 155,
783 1792 857 1845 28)
896 1792 980 1833 Ars
1014 1795 1079 1833 est
1111 1806 1219 1847 quae
1253 1791 1584 1847 significantiam

59 1862 124 1904 sui
155 1862 328 1917 plenam
361 1877 448 1904 non
478 1861 624 1904 habet'
658 1860 788 1919 (conf.
813 1863 913 1904 ibid.
941 1862 1018 1919 24)
1052 1878 1086 1905 e.
1113 1878 1151 1918 q.
1179 1879 1211 1906 s.
1269 1863 1351 1912 Qui
1384 1866 1584 1905 secuntur

57 1934 362 1988 quaterniones
404 1934 487 1976 duo
527 1934 615 1976 siue
654 1934 759 1976 folia
798 1935 984 1977 69—84
1023 1935 1246 1977 continent
1285 1933 1371 1976 Cic.
1409 1935 1459 1975 de
1500 1935 1585 1975 inu.

56 2005 215 2047 librum
242 2005 262 2046 I
293 2020 426 2061 usque
460 2005 512 2047 ad
543 2006 674 2048 uerba
699 2008 771 2060 qui
795 2007 1085 2061 ele-qautissimi
1109 2010 1228 2060 atque
1253 2007 1586 2059 artificiosissima]

51 2078 192 2130 putati
221 2080 320 2119 suut
351 2077 369 2119 Ι
397 2077 465 2132 35,
493 2078 569 2119 61:
603 2092 710 2132 quae
737 2081 905 2120 restant
931 2078 1035 2120 folia
1061 2078 1146 2120 tria
1179 2093 1359 2134 quorum
1386 2078 1585 2119 ultimum

58 2147 258 2188 mutilum
304 2151 369 2189 est
409 2148 715 2190 continuantur
756 2149 859 2191 solio
900 2150 973 2204 64,
1015 2164 1109 2191 cum
1151 2149 1385 2204 praebeant
1425 2149 1584 2190 exitum

58 2217 159 2259 libri
189 2217 233 2258 II
271 2218 321 2260 de
353 2218 438 2260 inu.
499 2219 617 2261 Libri
656 2219 706 2261 de
743 2219 831 2261 inu.
865 2220 1010 2261 eadem
1050 2235 1133 2275 qua
1171 2220 1216 2261 in
1255 2221 1429 2276 reliquis
1468 2220 1585 2262 illius

61 2289 218 2330 saeculi
250 2289 464 2331 codicibus
497 2290 688 2332 mutilati
721 2294 819 2333 sunt
851 2291 1024 2333 lacuna:
1059 2307 1160 2334 nam
1192 2292 1323 2333 uerba
1354 2292 1452 2333 inde
1486 2307 1508 2333 a
1541 2291 1585 2333 Π

58 2359 127 2415 57,
162 2361 246 2402 170
293 2361 548 2404 Huiusmodi
593 2364 901 2406 necessitudines
949 2378 1082 2418 usque
1128 2363 1181 2405 ad
1225 2362 1270 2405 II
1308 2363 1382 2417 58,
1417 2363 1500 2404 175
1541 2364 1584 2404 in

59 2432 356 2475 commoditatis
404 2448 498 2476 uero
546 2435 707 2478 ratione
756 2435 1070 2477 desiderantur:
1127 2434 1236 2477 conf.
1288 2434 1584 2476 AWeidnerus

58 2501 114 2544 M.
145 2502 278 2545 Tullii
311 2505 416 2546 artis
448 2505 688 2548 rhetoricae
720 2506 822 2548 libri
854 2507 936 2549 duo
969 2506 1100 2562 praef.
1127 2522 1166 2561 p.
1194 2505 1331 2548 XXV.
1389 2504 1583 2560 Scriptus

60 2587 153 2615 esse
184 2574 355 2617 uidetur
385 2577 496 2618 liber
528 2577 580 2619 ad
614 2577 714 2619 Her.
741 2580 783 2619 et
809 2577 1028 2620 Ciceronis
1060 2579 1167 2620 liber
1198 2578 1316 2632 prior
1351 2578 1402 2619 ab
1437 2577 1584 2624 eodem

57 2645 234 2688 librario
274 2646 346 2701 qui
375 2645 586 2703 XXVIII,
625 2649 789 2703 reliqua
822 2664 846 2690 a
877 2649 1055 2691 librario
1094 2649 1248 2690 aetatis
1280 2649 1409 2703 paulo
1442 2663 1584 2690 recen·

58 2716 180 2758 tioris
208 2717 283 2772 qui
301 2717 455 2769 XXIX,
483 2719 528 2760 in
547 2719 811 2773 paenultimo
839 2721 882 2760 et
902 2718 1270 2774 antepaenultimo
1290 2718 1395 2761 folio
1415 2717 1584 2759 XXVII

57 2802 207 2830 uersus
245 2789 289 2831 in
327 2804 413 2831 una
450 2804 618 2844 quaque
656 2790 817 2845 pagina
855 2790 1060 2832 exarauit.
1122 2790 1190 2832 Ex
1222 2790 1282 2831 eis
1315 2805 1422 2844 quae
1457 2789 1583 2831 modo

62 2861 260 2902 enarraui
306 2864 484 2917 apparet
529 2862 744 2916 exemplar
794 2861 1034 2904 rhetoricae
1080 2862 1130 2902 ad
1175 2860 1276 2903 Her.
1321 2861 1466 2915 qualia
1509 2861 1583 2903 illo

59 2932 228 2973 saeculo
259 2932 530 2974 habebantur
567 2933 783 2988 integrum
816 2948 913 2975 cum
945 2933 1178 2988 exemplari
1211 2930 1428 2974 Ciceronis
1462 2933 1581 2975 cuius
