2003 3116
661 210 1028 244 PROLEGOMENA.
1547 202 1600 244 17

84 322 351 377 marginibus
379 320 609 362 adnotatae
635 322 710 361 aut
737 332 866 360 manu
897 316 1147 359 correctrice
1179 314 1331 357 deletis
1362 313 1604 355 uetustiori-

84 394 163 435 bus
208 392 431 447 scripturis
478 391 651 433 inlatae.
720 389 860 431 Facile
911 390 1056 429 autem
1104 387 1369 442 intellegitur
1418 386 1605 427 aetatem

83 467 421 511 correcturarum
466 466 509 504 et
553 462 881 504 adnotat-ionum
926 459 1077 501 talium
1128 471 1254 512 aegre
1304 457 1436 499 statui
1480 470 1606 511 posse

85 551 180 577 cum
213 536 257 577 in
283 535 403 578 codd.
430 534 506 575 PB
540 534 636 575 aliis
663 532 827 588 passim
853 531 921 573 uel
948 530 1002 572 ab
1030 529 1277 571 hominibus
1304 529 1474 570 saeculo
1500 526 1607 568 XIII

85 606 397 662 posterioribus
437 620 485 646 ex
530 604 648 646 codd.
686 603 869 658 integris
908 601 1110 643 lectiones
1150 600 1309 640 inlatae
1349 600 1450 641 sint:
1495 598 1607 654 quod

84 679 195 720 idem
233 679 275 719 in
315 677 405 719 cod.
444 673 716 718 Corbeiensis
759 673 982 730 scripturis
1022 686 1151 714 manu
1192 672 1214 712 1
1254 670 1379 712 factis
1419 670 1608 712 accidere

83 764 170 791 non
207 751 362 803 potest.
425 746 507 789 Sed
547 747 626 788 hac
665 747 715 788 de
754 761 797 787 re
830 745 943 786 infra
981 744 1176 799 pluribus
1210 744 1376 796 agetur.
1438 741 1610 783 Scholia

85 822 230 861 autem
275 819 489 873 adscripta
532 819 734 860 librarius
776 817 863 858 iam
904 815 948 857 in
991 815 1225 869 archetypo
1266 813 1387 854 uidit.
1449 812 1611 854 Naml

86 893 150 945 11,
180 891 232 932 18
271 891 314 931 in
347 889 492 932 uerbis
523 893 658 931 noster
689 889 826 931 doctor
858 891 936 929 tres
960 886 1131 940 putauit
1162 898 1243 927 esse
1274 899 1401 940 super
1433 884 1610 925 uerbum

82 966 216 1005 noster
237 962 290 1003 ab
314 976 363 1004 eo
385 961 559 1003 homine
588 960 659 1015 qui
685 960 848 1002 scholia
875 958 1102 1013 adscripsit
1129 972 1237 999 saec.
1258 955 1320 998 IX
1347 956 1416 997 uel
1436 955 1475 997 X
1496 955 1611 996 addi-

84 1037 178 1075 tum
210 1036 292 1075 est:
324 1033 555 1075 uolcaedc'us
578 1032 728 1086 plotus.
778 1029 826 1071 Id
855 1044 956 1072 uero
986 1044 1121 1084 neque
1149 1028 1400 1070 eruditionis
1433 1027 1613 1068 eximiae

86 1121 222 1161 neque
255 1104 450 1147 Suetonii
481 1102 612 1162 (conf.
646 1104 695 1146 de
728 1103 837 1145 rhet.
863 1102 909 1157 3)
944 1116 1049 1143 saec.
1077 1099 1138 1141 IX
1172 1100 1271 1142 lecti
1302 1098 1614 1152 testimonium,

88 1178 160 1219 sed
186 1193 237 1219 ex
259 1176 514 1232 Hieronymi
541 1176 754 1218 chronicis
783 1176 1002 1229 sumptum
1031 1174 1095 1214 est
1121 1172 1173 1213 ad
1202 1186 1297 1213 ann.
1322 1171 1433 1213 1936
1454 1170 1616 1212 Abrah.

89 1247 264 1306 (Euseb.
291 1249 354 1291 ed.
382 1247 573 1291 Schoene
600 1247 643 1289 ΙΙ
667 1263 707 1302 p.
738 1243 840 1302 133)
872 1245 947 1287 ubi
980 1246 1339 1287 commemoratur
1374 1242 1616 1284 Vedtaeilzhas

88 1320 234 1363 Plotus
259 1320 333 1364 Cn.
361 1320 533 1375 Pompei
565 1319 731 1361 libertus
761 1321 798 1360 et
828 1318 973 1370 doceor,
1007 1316 1079 1371 qui
1107 1315 1217 1369 apud
1245 1314 1496 1356 Suetonium
1531 1315 1557 1354 l.
1585 1329 1615 1354 s.

90 1392 209 1434 audit
249 1392 487 1434 Voltaoz'lins
526 1390 705 1433 Pilutus.
769 1389 850 1432 Sed
893 1387 1173 1430 scholiastam
1214 1387 1296 1428 hoc
1336 1400 1492 1428 nomen
1529 1385 1614 1427 iam

89 1465 134 1506 in
163 1463 395 1518 archetypo
428 1462 645 1504 inuenisse
671 1460 769 1502 inde
803 1462 1053 1513 statuemus,
1087 1458 1199 1514 quod
1228 1458 1272 1499 in
1303 1457 1393 1499 cod.
1416 1455 1616 1499 ICauchii

91 1536 142 1577 de
168 1528 251 1590 quo
281 1534 390 1579 conf.
418 1533 516 1575 edit.
542 1531 662 1574 Petri
689 1532 928 1573 Burmanni
956 1530 1088 1586 praef.
1114 1545 1154 1585 p.
1180 1527 1410 1571 XXXVIII
1437 1528 1618 1583 Kayseri

91 1623 131 1662 p.
158 1606 281 1648 XXV
315 1607 338 1647 7
378 1605 489 1646 idem
528 1603 633 1646 illud
671 1618 827 1646 nomen
868 1603 1120 1644 adnotatum
1160 1601 1243 1642 fuit
1281 1603 1391 1642 teste
1424 1600 1618 1655 Kaysero

92 1680 136 1720 in
162 1677 439 1720 adnotatione
466 1675 625 1719 critica.
670 1675 788 1731 Ergo
811 1674 901 1717 cod.
922 1673 1194 1717 Corbeiensis
1223 1673 1275 1714 ab
1304 1672 1453 1714 eodem
1481 1670 1619 1713 arche-

91 1752 194 1804 typo
229 1749 467 1803 descriptus
506 1750 572 1790 est
611 1762 694 1802 quo
728 1746 1002 1789 Cauchianus
1041 1760 1118 1787 nec
1150 1760 1237 1787 non
1270 1759 1367 1787 cum
1403 1744 1477 1785 illo
1516 1743 1620 1785 locis

92 1822 307 1863 consentit
359 1820 572 1876 plurimis.
647 1817 878 1861 Correctus
935 1821 1001 1860 est
1052 1816 1326 1860 Corbeiensis
1382 1815 1546 1871 passim
1599 1830 1623 1856 a

93 1893 269 1935 librario
297 1893 392 1947 ipso
420 1892 491 1946 qui
519 1906 644 1947 opere
672 1891 723 1932 ad
750 1891 880 1933 finem
906 1890 1113 1946 perducto
1142 1889 1278 1931 denuo
1312 1887 1363 1930 ad
1398 1887 1621 1942 archetypi

94 1965 311 2019 exemplar
353 1963 651 2020 apographum
702 1963 931 2005 recensuit:
981 1962 1140 2004 librum
1190 1960 1316 2002 modo
1362 1959 1622 2014 descriptum

95 2037 228 2078 abbas
268 2036 509 2091 nescioquis
549 2035 826 2077 doctissimus
864 2034 935 2076 hic
972 2034 1060 2075 illic
1099 2032 1302 2086 correxit,
1345 2030 1543 2085 kapitula
1580 2030 1622 2071 in

94 2107 285 2162 margine
312 2107 340 2148 k
372 2107 519 2150 littera
551 2106 771 2162 indicauit,
804 2106 968 2148 scholia
1001 2120 1049 2147 ex
1084 2104 1318 2158 archetypo
1348 2102 1485 2157 petita
1511 2102 1623 2143 notis

95 2179 341 2220 Tironianis
388 2178 589 2234 adposuit
631 2178 819 2232 plurima
862 2178 908 2218 in
953 2176 1165 2232 principio
1205 2174 1362 2229 operiS‚
1405 2172 1458 2214 ad
1495 2172 1624 2213 finem

98 2250 256 2291 sensim
290 2249 456 2292 minora
490 2254 563 2291 aut
594 2249 769 2290 rariora.
820 2247 1033 2290 Notarum
1064 2246 1395 2288 Tironianarum
1427 2259 1552 2286 usum
1585 2246 1627 2285 et

95 2322 296 2364 notitiam
341 2335 436 2363 cum
482 2320 704 2362 uideamus
750 2321 792 2361 in
837 2323 1017 2375 utroque
1059 2318 1323 2360 Francorum
1368 2330 1501 2372 regno
1548 2316 1626 2357 sub

90 2392 225 2434 finem
258 2407 367 2434 saec.
393 2391 454 2433 IX
481 2406 696 2434 rarescere
729 2390 858 2447 (conf.
884 2390 1081 2446 FKoppii
1108 2388 1447 2445 palaeographia
1479 2387 1628 2429 critica

93 2463 113 2505 Ι
144 2479 184 2519 p.
209 2465 297 2506 412
336 2463 661 2506 Wattenbachii
710 2463 947 2519 Auleitung
986 2478 1059 2504 zur
1098 2462 1173 2503 lat.
1211 2458 1453 2516 Palaeogr.4
1485 2474 1525 2514 p.
1556 2458 1627 2513 11)

96 2535 233 2576 eidem
287 2534 457 2576 saeculo
510 2549 589 2576 nos
639 2535 869 2576 tribuimus
920 2533 1110 2575 codicem
1161 2548 1242 2588 quo
1299 2530 1629 2586 bybliothecarii

98 2606 413 2660 Petripolitani.
461 2605 605 2647 Unum
633 2605 829 2648 scholion
856 2606 901 2647 in
929 2606 1123 2661 margine
1151 2605 1221 2647 fol.
1251 2603 1306 2646 15
1322 2618 1361 2645 u.
1394 2617 1481 2644 non
1513 2603 1629 2644 notis

98 2678 171 2719 sed
208 2677 366 2719 litteris
405 2677 562 2732 legitur
602 2677 891 2732 conscriptum
931 2677 1043 2732 quod
1080 2676 1272 2731 pertinet
1309 2674 1362 2716 ad
1400 2673 1442 2715 II
1473 2673 1546 2727 26,
1572 2674 1627 2714 41

94 2749 411 2808 ‚Quadruplator
448 2751 496 2790 ut
525 2747 698 2790 breuiter
735 2748 912 2790 scribam
946 2763 979 2789 e.
1006 2763 1043 2803 q.
1071 2762 1102 2789 s.
1129 2748 1197 2789 his
1230 2746 1393 2789 uerbis:
1440 2745 1631 2798 Quadru-

97 2821 278 2874 platores
309 2820 545 2862 dicebantur
581 2820 653 2873 qui
690 2834 732 2861 eo
769 2833 810 2862 sc
847 2823 986 2874 questu
1019 2819 1235 2862 tuebantur
1271 2821 1318 2860 ut
1353 2831 1420 2860 eas
1453 2831 1514 2859 res
1538 2831 1630 2871 per-

102 2894 362 2945 sequerentur
399 2905 577 2945 (suarum
614 2905 662 2933 ex
703 2891 853 2945 leyibus
893 2891 1116 2946 quadrupli
1156 2894 1244 2933 erat
1282 2890 1386 2932 actio
1422 2913 1471 2918 —
1506 2888 1632 2930 Pauli

102 2962 220 3005 Festi
247 2963 460 3018 epitomae
487 2977 594 3004 saec.
621 2961 683 3004 IX
717 2963 751 3004 si
785 2965 900 3004 recte
933 2962 983 3003 de
1015 2961 1172 3004 litteris
1205 2961 1347 3004 iudico
1377 2961 1463 3003 iam
1495 2961 1632 3002 lectae

172 3038 220 3064 Ad
234 3039 425 3065 Herennium
444 3039 517 3064 libri
537 3039 588 3071 IV,
608 3039 654 3064 ed.
669 3039 778 3064 MAnx.
1329 3036 1334 3040 ’
