2003 3116
704 134 1073 173 PROLEGOMENA‚
1572 134 1655 178 155

136 244 333 288 fortuna’
378 244 708 287 inueniebantur
752 244 982 299 plurimae:
1029 243 1137 287 conf.
1164 243 1260 287 Val.
1292 243 1402 287 Max.
1428 243 1493 286 VI
1523 244 1562 298 9,
1593 244 1658 286 14.

136 315 282 359 Verba
319 317 397 360 illa
429 316 713 371 ‘proficiscitur
742 317 790 359 in
819 315 987 359 Asiam?
1020 315 1287 370 explicantur
1318 316 1432 359 Plut.
1457 315 1564 358 Mar.
1591 316 1660 369 31,

136 388 390 431 uocabulum
417 389 639 442 imperator
661 387 739 431 illo
760 386 945 430 Senecae
971 388 1067 430 loco
1094 389 1137 429 et
1156 385 1270 429 Flor.
1289 387 1332 428 Π
1352 388 1392 442 9,
1414 387 1466 430 11
1488 402 1528 442 p.
1549 386 1659 441 89ss

136 459 263 502 Jahn.
324 459 552 502 Postremo
589 459 696 501 illud
735 473 903 515 quoque
943 459 1048 501 satis
1087 472 1218 514 graue
1253 461 1317 500 est
1354 461 1657 515 argumentum

137 531 247 586 quod
285 532 330 573 in
373 533 466 573 toto
506 545 632 585 opere
679 530 732 572 ad
770 530 869 572 Her.
907 530 1016 572 nihil
1055 529 1227 573 omnino
1267 529 1502 584 inuenitur,
1548 530 1660 585 quod

138 618 234 645 cum
273 617 323 644 ea
360 601 619 656 reipublicae
660 601 908 644 condicione
949 615 1078 656 quam
1111 599 1231 642 Sulla
1270 601 1493 643 constituit
1525 600 1662 655 possit

138 673 377 715 conuenire.
426 672 566 715 Immo
602 672 639 715 si
670 687 720 715 ea
751 672 909 728 legeris
942 686 1050 727 quae
1080 671 1143 713 IV
1170 672 1239 723 53,
1265 673 1320 714 66
1354 672 1660 714 declamantur:

137 743 277 794 ‘Quod
318 744 354 786 si
392 759 505 787 nunc
543 744 589 788 L.
619 745 691 786 ille
731 744 891 786 Brutus
936 744 1166 786 reuiuiscat
1204 746 1247 786 et
1283 743 1354 785 hic
1393 746 1490 785 ante
1533 744 1662 798 pedes

138 818 306 858 uestros
333 815 456 870 ads1t,
487 830 572 858 non
597 815 678 858 hac
704 818 852 858 utatur
879 815 1104 858 oratione?
1153 814 1250 870 Ego
1284 829 1406 870 reges
1439 815 1552 869 eieci,
1585 830 1662 857 uos

138 890 346 942 tyrannos
378 886 666 942 introducitis;
701 900 780 942 ego
813 886 1076 940 libertatem,
1109 900 1217 940 quae
1250 901 1336 927 non
1369 888 1471 940 erat,
1504 886 1663 940 peperi,

137 973 214 1000 uos
259 959 430 1013 partam
476 972 647 1000 seruare
688 972 776 999 non
818 957 969 1012 uultis;
1015 971 1095 1013 ego
1141 957 1294 1011 capitis
1341 957 1425 998 11161
1469 957 1661 1013 periculo

137 1030 323 1086 patriam
360 1029 559 1085 liberaui,
598 1044 676 1072 uos
707 1030 833 1071 liberi
865 1029 956 1071 sine
987 1028 1178 1084 periculo
1213 1043 1304 1070 esse
1336 1043 1423 1070 non
1457 1027 1663 1069 curatis?

138 1116 264 1157 posse
309 1117 360 1144 ea
397 1101 574 1143 minime
622 1101 859 1144 consociari
898 1100 1156 1143 confitebere
1196 1115 1292 1142 cum
1331 1100 1392 1142 eis
1432 1114 1539 1155 quae
1579 1098 1664 1142 Cic.

139 1174 260 1229 epist.
286 1172 352 1215 III
380 1174 450 1227 11,
476 1173 504 1215 2
540 1172 673 1215 refert
707 1172 811 1214 ‘etsi
845 1171 964 1214 Sulla
1002 1172 1140 1214 uoluit
1179 1186 1231 1213 ne
1270 1172 1314 1212 in
1354 1171 1549 1226 quemuis
1587 1171 1664 1213 1111-

138 1260 252 1300 pune
291 1244 521 1287 declamari
559 1244 738 1287 liceret'.
800 1244 921 1285 Adde
962 1258 1070 1299 quae
1109 1259 1238 1299 supra
1275 1260 1315 1299 p.
1347 1244 1428 1285 108
1470 1243 1665 1297 exposita

140 1320 253 1371 sunt,
287 1316 392 1358 adde
419 1316 532 1371 quod
558 1331 738 1358 censura
764 1318 1124 1358 commemoratur
1154 1314 1197 1356 ΙΙ
1224 1315 1262 1369 3,
1288 1314 1327 1357 5.
1360 1315 1428 1368 ⁶26,
1455 1314 1525 1368 41,
1558 1313 1665 1355 adde

139 1388 319 1444 denique
350 1387 415 1430 IV
441 1387 509 1442 35,
535 1387 590 1429 47
628 1387 702 1429 ubi
734 1387 976 1442 exemplum
1010 1386 1326 1428 distributionis
1358 1386 1439 1428 1106
1472 1385 1664 1440 proposi-

138 1462 231 1502 tum
264 1461 348 1501 est:
391 1457 488 1508 ‘Qui
527 1461 724 1501 uestrum
761 1458 920 1501 iudices
960 1473 1116 1500 nomen
1150 1460 1324 1499 senatus
1359 1457 1516 1512 diligit,
1553 1456 1666 1498 hunc

140 1530 277 1574 oderit
302 1545 474 1573 necesse
503 1533 583 1572 est:
615 1530 966 1586 petulantissime
997 1530 1111 1571 enim
1139 1544 1304 1584 semper
1330 1529 1412 1570 iste
1447 1529 1665 1584 obpugna-

139 1603 202 1644 uit
240 1604 448 1644 senatum.
513 1601 594 1651 Qui
641 1604 885 1657 equestrem
931 1601 1071 1643 1066111
1117 1600 1507 1655 splendidissimum
1548 1600 1667 1655 cupit

141 1688 235 1716 esse
273 1673 318 1715 in
356 1673 549 1724 ciuitate,
593 1673 630 1715 is
670 1675 841 1728 oportet
878 1673 1008 1715 istum
1050 1672 1259 1714 maximas
1298 1686 1457 1726 poenas
1500 1671 1665 1712 dedisse

139 1745 262 1800 uelit,
306 1759 360 1787 ne
397 1744 478 1786 1316
518 1759 595 1786 sua
634 1744 899 1799 turpitudine
940 1744 1077 1786 ordini
1122 1742 1427 1785 honestissimo
1474 1743 1665 1784 maculae

142 1818 269 1872 atque
301 1815 495 1858 dedecori
527 1814 599 1857 sit'
632 1831 664 1858 e.
692 1831 730 1872 q.
759 1831 790 1858 3.
851 1816 943 1865 Quo
977 1815 1171 1871 exemplo
1206 1817 1386 1870 apparet
1418 1816 1665 1870 praecepto-

139 1901 230 1930 rem
275 1887 529 1943 discipulum
574 1903 670 1930 eum
714 1887 957 1930 instituisse
1003 1887 1070 1930 661
1116 1886 1330 1943 agendum
1374 1885 1503 1927 fuerit
1553 1885 1665 1940 apud

139 1958 298 2001 iudices
332 1959 478 2014 quales
511 1961 610 2001 ante
637 1959 896 2014 reipublicae
924 1959 1281 2001 constitutionem
1309 1973 1331 2000 a
1359 1956 1480 1999 Sulla
1506 1957 1666 1998 factam

140 2030 271 2072 fuisse
310 2029 466 2072 scimus
504 2030 674 2073 iudiciis
713 2046 737 2072 a
776 2031 1051 2073 senatoribus
1092 2045 1188 2072 cum
1229 2029 1443 2085 equitibus
1487 2028 1666 2083 aliisque

140 2101 235 2157 lege
266 2101 413 2143 Plotia
452 2102 777 2144 communicatis
819 2117 931 2144 anno
972 2100 1128 2156 665s89
1170 2100 1219 2142 de
1259 2116 1343 2156 qua
1375 2099 1521 2142 Cicero
1555 2099 1667 2154 apud

138 2172 295 2214 Ascon.
322 2186 361 2227 p.
389 2173 456 2228 70,
485 2173 537 2215 11
571 2172 624 2215 Κ.
652 2172 710 2216 S:
756 2173 988 2215 ‘Memoria
1025 2175 1150 2215 teneo
1190 2187 1286 2215 cum
1323 2172 1511 2228 primum
1550 2186 1668 2213 sena-

139 2246 256 2286 tores
290 2258 384 2285 cum
417 2244 632 2299 equitibus
665 2243 872 2286 Romanis
905 2245 998 2301 lege
1025 2245 1170 2286 Plotia
1203 2242 1458 2286 iudicarent'
1491 2258 1525 2285 e.
1552 2258 1590 2298 q.
1617 2258 1665 2285 S.:

140 2314 252 2357 conf.
291 2328 386 2356 cum
424 2315 500 2357 1110
542 2315 736 2371 exemplo
777 2314 863 2358 Cic.
902 2331 980 2371 pro
1020 2315 1128 2358 Rab.
1163 2315 1280 2358 Post.
1313 2316 1356 2369 6,
1391 2315 1457 2358 13.
1517 2314 1668 2369 Itaque

139 2388 372 2442 praecepta
396 2386 474 2428 illa
500 2401 608 2442 quae
636 2388 807 2429 exstant
832 2387 876 2429 in
909 2389 1000 2430 arte
1035 2387 1088 2429 ad
1118 2387 1217 2429 Her.
1249 2386 1412 2428 tradita
1444 2400 1535 2428 esse
1568 2401 1667 2428 con-

143 2460 396 2500 sentaneum
439 2460 504 2500 est
547 2461 647 2514 post
692 2473 850 2500 annum
895 2457 1052 2512 6368]ssss
1097 2473 1191 2501 cum
1229 2458 1391 2500 Marius
1437 2457 1667 2512 septimum

143 2531 255 2571 esset
300 2530 470 2585 consul,
516 2532 614 2572 ante
657 2545 815 2572 annum
862 2530 1019 2584 672s82
1066 2544 1148 2584 quo
1195 2528 1313 2572 Sulla
1356 2529 1667 2584 rempublicam

143 2601 385 2655 constituit,
422 2600 496 2642 illo
535 2604 728 2656 tempore
769 2615 851 2656 quo
892 2599 1076 2642 Mariani
1114 2600 1159 2642 in
1196 2601 1299 2641 urbe
1338 2599 1668 2642 dominabantur

142 2671 395 2727 Plotiusque
432 2672 508 2713 ille
550 2687 714 2713 summo
758 2686 852 2713 cum
897 2685 1093 2713 successu
1134 2671 1178 2712 in
1220 2671 1324 2712 urbe
1367 2670 1561 2712 docuisse
1603 2672 1669 2712 est

142 2743 371 2798 putandus.
432 2742 500 2784 Ex
532 2743 621 2784 eius
655 2742 803 2785 schola
836 2742 872 2783 31
906 2742 1090 2798 scriptor
1122 2742 1173 2783 ad
1207 2741 1307 2783 Her.
1339 2740 1558 2796 profectus
1592 2744 1669 2796 est,

146 2813 398 2857 Cornificius
432 2829 600 2870 quoque
634 2813 705 2869 qui
737 2813 787 2855 de
819 2813 970 2869 figuris
1008 2812 1166 2855 librum
1200 2813 1321 2855 illum
1354 2813 1613 2867 conscripsit
1644 2828 1669 2854 a

148 2883 412 2934 Quintiliano
440 2885 680 2928 adhibitum
707 2886 809 2927 item
838 2887 930 2927 erat
958 2884 1193 2927 Plotianus.
1239 2884 1342 2934 Quis
1369 2883 1497 2926 fuerit
1524 2883 1669 2927 Corni-
