2003 3116
310 137 394 177 226
839 137 902 170 AD
931 135 967 168 C.
996 136 1283 168 HERENNIUM

309 246 353 286 ni
384 243 589 298 pagunt‚>
628 243 673 283 in
711 241 885 283 comitio
925 245 999 282 aut
1039 242 1084 282 in
1121 241 1215 283 foro
1255 244 1355 283 ante
1394 241 1614 283 meridiem
1653 256 1824 284 causam

310 314 472 356 coicito.
534 312 644 354 Sunt
674 313 777 354 item
811 315 956 367 pacta,
995 327 1103 367 quae
1136 313 1226 354 sine
1259 312 1425 367 legibus
1460 313 1744 353 obseruantur
1776 327 1825 354 ex

311 387 521 426 conuento
547 399 655 439 quae
669 385 697 436 †
710 384 800 425 iure
822 386 1043 439 praestare
1064 383 1271 426 dicuntur.
1381 383 1460 424 His
1479 382 1614 438 igitur
1633 383 1826 437 partibus

310 457 508 497 iniuriam
542 455 836 509 demonstrari,
868 456 934 496 ius
961 455 1205 496 confirmari
1231 454 1443 509 conuenit,
1474 454 1516 495 id
1543 454 1654 508 quod
1684 454 1729 495 in
1756 455 1826 495 ab·

311 526 453 568 soluta
485 526 771 580 iuridic<i>ali
803 525 1047 567 faciundum
1080 526 1261 567 uidetur.

253 633 307 674 14

252 703 293 731 21
429 667 537 711 Cum
572 684 622 709 ex
654 668 1030 722 conparatione
1063 670 1307 722 quaeretur,
1346 670 1489 709 utrum
1527 666 1661 708 satius
1699 666 1830 707 fuerit

311 740 464 795 facere,
496 740 551 795 id,
584 739 696 794 quod
728 754 824 780 reus
858 739 971 780 dicat
1003 753 1047 780 se
1079 738 1245 793 fecisse,
1283 752 1337 779 aii
1369 739 1428 793 id,
1467 737 1577 792 quod
1611 740 1833 779 accusator

311 810 425 852 dicat
456 811 699 865 oportuisse
730 810 837 865 fieri,
869 810 1052 865 primum
1086 810 1233 864 quaeri
1265 809 1503 863 conueniet,
1534 812 1678 850 utrum
1703 808 1833 850 fuerit

311 882 458 924 utilius
485 897 535 923 ex
562 882 847 933 contentione,
872 881 954 923 hoc
984 884 1062 936 est,
1093 883 1236 922 utrum
1262 881 1488 935 honestius,
1519 880 1700 933 facilius,
1733 894 1831 922 con-

311 953 550 995 ducibilius.
610 953 774 995 Deinde
809 953 1023 1008 oportebit
1049 952 1208 1007 quaeri,
1239 953 1434 1007 ipsumne
1461 952 1701 1007 oportuerit
1727 951 1829 992 iudi·
1854 964 1885 987 10

310 1039 418 1080 care,
450 1027 593 1066 utrum
626 1024 754 1065 fuerit
786 1023 948 1076 utilius,
982 1039 1036 1064 an
1069 1024 1250 1065 aliorum
1276 1024 1404 1065 fuerit
1439 1023 1587 1065 utilius
1615 1022 1831 1064 statuendi

312 1098 515 1150 potestas.
578 1095 742 1137 Deinde
786 1095 1087 1150 interponetur
1132 1095 1185 1136 ab
1230 1097 1478 1137 accusatore
1521 1094 1736 1148 <suspicio
1782 1108 1832 1135 ex

429 1232 451 1266 2
466 1230 602 1266 cuicito
616 1234 651 1264 M
677 1228 838 1265 conicito
861 1229 958 1264 G²ld
990 1229 1145 1264 conitito
1166 1230 1186 1264 b
1236 1229 1260 1264 3
1280 1230 1465 1264 conuentu
1484 1228 1567 1263 ΕΟ2
1627 1229 1706 1264 iure
1726 1232 1762 1261 M
1788 1228 1832 1262 de

310 1285 388 1319 iure
415 1291 442 1320 Ε
479 1285 550 1319 1011
578 1284 623 1319 02
649 1285 738 1319 editt
770 1283 954 1329 praestari
974 1284 1169 1318 Ernestias
1188 1284 1231 1318 ele
1249 1284 1324 1318 inu.
1347 1282 1381 1316 II
1401 1287 1456 1326 22,
1473 1285 1517 1317 68
1619 1281 1644 1316 4
1668 1281 1707 1315 id
1733 1282 1832 1326 quod

311 1339 442 1373 HPH
465 1337 576 1382 idque
604 1337 769 1372 P2B0E
860 1337 883 1372 5
905 1336 1090 1371 iuridieali
1116 1336 1308 1371 HP¹HB
1392 1335 1608 1370 faciundum
1634 1335 1746 1370 PBG
1778 1335 1832 1369 fa—

312 1391 482 1425 ciendum
509 1391 640 1435 reliqui
746 1389 909 1435 uidetur]
936 1391 1098 1435 sequitur
1134 1391 1176 1424 iii
1214 1389 1336 1423 HPB
1380 1390 1508 1424 titulus
1551 1388 1615 1423 DE
1660 1388 1833 1423 CONPA-

312 1444 544 1488 RATIONE,
579 1445 620 1478 in
645 1444 730 1478 aliis
754 1445 915 1488 spatium
993 1444 1017 1477 6
1038 1443 1301 1488 conparatione
1321 1442 1358 1477 P
1392 1442 1585 1487 paratione
1606 1442 1651 1476 H
1685 1453 1831 1487 compa-

311 1499 455 1533 ratione
469 1498 601 1542 reliqui
667 1498 908 1542 quaereretur
922 1497 971 1532 ,ΡΙ
998 1499 1212 1540 quereretur
1226 1497 1268 1530 H
1338 1497 1451 1530 fuerit
1464 1497 1545 1531 oml
1627 1495 1835 1531 'lfacerebl

311 1550 485 1598 agerelfsss
511 1552 554 1586 H
588 1562 699 1596 agere
718 1551 850 1595 reliqui
874 1562 958 1585 reus
985 1562 1040 1585 om
1066 1551 1123 1584 Hl
1196 1561 1234 1584 se
1261 1561 1316 1584 om
1342 1551 1365 1584 cl
1450 1561 1497 1584 an
1521 1549 1742 1596 Lambinus]
1770 1552 1835 1584 aut

313 1605 335 1640 S
362 1604 537 1640 conuenit
563 1605 604 1639 bl
676 1605 700 1639 9
720 1603 911 1639 honestius
938 1604 1187 1649 Ranconetus]
1216 1602 1409 1638 uenustius
1501 1603 1550 1638 10
1570 1603 1768 1648 oportebat
1794 1604 1838 1638 H

312 1659 435 1703 ipsum
461 1670 506 1692 ne
532 1658 568 1691 P
596 1657 759 1692 iudicare
787 1659 828 1692 bl
864 1657 1054 1692 uindicare
1080 1659 1105 1692 (Ζ
1130 1656 1286 1692 iudicari
1311 1660 1346 1690 M
1407 1656 1455 1691 12
1476 1658 1572 1691 inter
1591 1658 1748 1701 ponetur
1766 1656 1839 1691 PG

314 1712 471 1757 suspitio
487 1724 529 1745 ex
550 1711 818 1746 constitutione
839 1710 1081 1745 coniecturali
1095 1722 1208 1754 quare
1223 1712 1373 1756 putetur
1386 1722 1458 1745 non
1475 1721 1518 1745 ea
1537 1710 1679 1745 ratione
1693 1710 1833 1744 factum

316 1777 393 1799 esse
415 1777 486 1808 (100
506 1764 639 1798 melius
660 1764 834 1798 deteriori
861 1766 1149 1809 anteponeretur
1174 1765 1236 1799 sed
1260 1763 1345 1799 dolo
1368 1764 1467 1798 malo
1483 1763 1674 1808 negotium
1688 1765 1834 1808 gestum

314 1820 358 1852 de
394 1819 520 1861 aliqua
552 1818 738 1862 probabili
771 1829 890 1852 causa.
954 1817 1011 1850 Ab
1045 1818 1234 1852 defensore
1269 1819 1396 1852 contra
1428 1817 1609 1851 referatur
1640 1828 1833 1862 argumen—

315 1872 408 1907 tatio
430 1870 689 1907 coniecturalis
711 1871 755 1905 de
777 1882 849 1915 qua
869 1871 956 1905 ante
977 1871 1118 1905 dictum
1139 1872 1204 1905 est.
1245 1870 1384 1904 Deinde
1406 1871 1604 1914 quaeretur
1622 1870 1833 1913 potueritne

313 1926 423 1959 uitari
448 1936 494 1959 ne
522 1924 559 1959 in
587 1936 670 1959 eum
698 1924 819 1959 locum
848 1924 1035 1959 ueniretur
1060 1925 1072 1959 l
1116 1923 1275 1968 suspicio
1311 1934 1354 1957 ex
1387 1923 1655 1957 constitucione
1691 1922 1833 1957 coniec-

314 1979 427 2014 turali
454 1991 526 2023 qua
552 1990 590 2013 re
615 1980 768 2023 putetur
794 1989 868 2012 non
895 1989 938 2013 ea
962 1978 1106 2012 ratione
1132 1977 1273 2011 factum
1300 1987 1377 2011 esse
1404 1987 1474 2019 quo
1499 1974 1631 2010 melius
1659 1975 1831 2010 deteriori

314 2034 561 2077 anteponetur
589 2032 652 2066 sed
681 2033 766 2066 dolo
791 2031 891 2066 malo
911 2031 1106 2076 negocium
1127 2030 1274 2076 gestum
1295 2030 1339 2064 de
1360 2029 1486 2073 aliqua
1504 2028 1691 2073 probabili
1711 2039 1831 2063 causat

315 2085 457 2120 Deinde
485 2087 658 2130 queretur
693 2085 859 2129 potuerit
889 2095 935 2119 ne
967 2084 1078 2119 uitari
1111 2095 1155 2118 ne
1190 2083 1229 2117 in
1261 2094 1343 2117 cum
1375 2083 1497 2117 locum
1530 2082 1727 2116 ueniretur.
1776 2081 1833 2115 Ab

315 2139 506 2173 defensore
546 2140 675 2173 contra
712 2138 895 2172 referatur
933 2137 1213 2181 argumentacio
1252 2134 1511 2171 coniecturalis
1555 2136 1599 2170 de
1643 2147 1715 2179 qua
1749 2137 1834 2170 ante

315 2192 454 2227 dictum
481 2194 539 2226 est
565 2193 584 2226 b
625 2190 789 2235 suspicio
810 2202 854 2225 ex
880 2190 1145 2225 constitutione
1177 2190 1416 2225 coniecturali
1448 2200 1559 2233 quare
1585 2190 1736 2233 putetur
1761 2200 1835 2223 non

315 2256 358 2280 ea
389 2246 534 2280 ratione
568 2244 710 2279 factum
743 2255 823 2278 esse
859 2255 931 2288 quo
963 2244 1095 2278 melius
1127 2242 1302 2278 deteriori
1340 2244 1627 2287 anteponeretur
1659 2243 1723 2276 sed
1749 2242 1834 2276 dolo

315 2299 414 2333 malo
440 2299 634 2343 negocium
661 2299 807 2342 gestum
835 2298 881 2332 ab
909 2296 1035 2341 aliqua
1065 2295 1253 2340 probabili
1290 2306 1410 2329 causa.
1462 2294 1603 2329 Deinde
1636 2296 1833 2338 quaeretur

314 2352 524 2396 potueritne
553 2352 665 2385 uitari
692 2362 737 2385 ne
770 2350 806 2384 in
840 2362 922 2385 eum
955 2351 1076 2384 locum
1109 2350 1297 2384 ueniretur
1322 2349 1361 2391 d,
1395 2349 1457 2393 qui
1484 2352 1568 2392 post
1608 2349 1833 2392 potestatem

314 2405 341 2450 (ξ’
361 2408 412 2440 :22
437 2406 584 2439 inserit:
609 2404 665 2438 Ab
694 2404 883 2439 defensore
911 2406 1039 2438 contra
1064 2403 1245 2437 referatur
1271 2400 1546 2446 argumentatio
1575 2399 1834 2435 coniecturalis

315 2459 360 2493 de
388 2469 461 2502 qua
486 2461 509 2491 ᾗ
537 2457 675 2492 dictum
704 2460 775 2491 est:
803 2469 909 2502 quam
936 2457 1147 2492 sententiam
1167 2458 1320 2501 apparet
1345 2456 1385 2489 in
1405 2455 1595 2499 archetypo
1620 2457 1647 2486 E
1675 2456 1714 2488 in
1740 2465 1832 2488 mar-

314 2513 397 2557 qine
436 2512 658 2555 adscriptam
697 2511 873 2546 exstitisse
907 2509 1147 2545 coniecturali
1187 2508 1413 2553 (coniectura
1445 2506 1495 2541 Ρ2
1540 2508 1760 2542 concectura
1793 2507 1833 2549 (J)

315 2576 427 2610 quare
454 2566 606 2609 putetur
632 2575 705 2598 non
732 2565 819 2608 (non
847 2575 902 2598 om
928 2563 1040 2606 HB1)
1067 2563 1211 2597 ratione
1237 2562 1377 2596 factum
1406 2573 1483 2596 esse
1511 2573 1583 2605 quo
1611 2560 1740 2595 melius
1770 2559 1832 2592 de-

316 2617 442 2653 teriori
469 2620 553 2652 antu
581 2618 779 2662 poneretur
806 2618 987 2661 (distincte
1012 2617 1108 2651 soliis
1134 2616 1192 2660 Η)
1226 2615 1256 2650 si
1288 2616 1327 2649 in
1359 2625 1401 2649 eo
1433 2616 1498 2660 (sic
1527 2615 1577 2648 Ρ1
1614 2614 1699 2648 Sine
1725 2622 1767 2647 eo
1795 2612 1837 2645 H

316 2672 380 2706 sed
407 2672 444 2706 in
472 2683 513 2706 eo
542 2673 580 2705 Π
616 2671 692 2705 sine
721 2671 756 2705 B
793 2670 851 2704 ine
882 2670 925 2705 01
964 2670 993 2704 si
1021 2670 1099 2704 sine
1128 2668 1186 2713 02)
1219 2668 1304 2703 dolo
1336 2669 1435 2702 malo
1467 2667 1655 2712 negotium
1688 2667 1832 2710 gestum

317 2726 361 2759 de
388 2725 513 2769 aliqua
539 2723 727 2769 probabili
754 2735 865 2758 causa
891 2724 937 2757 ab
970 2723 1161 2757 defensore
1189 2722 1367 2756 referatur
1401 2720 1603 2766 (deferatur
1635 2718 1692 2762 H)
1728 2728 1832 2762 argu-

319 2778 496 2812 111entatio
523 2776 784 2812 coniecturalis
811 2777 856 2812 de
883 2788 955 2821 qua
982 2778 1067 2811 ante
1094 2777 1220 2821 (antea
1240 2776 1297 2818 H)
1325 2775 1464 2809 dictum
1491 2775 1545 2808 est
1564 2772 1694 2807 deinde
1722 2782 1833 2814 quae-

317 2832 416 2864 retur
441 2832 670 2875 (quereretur
691 2830 746 2874 H)
773 2830 936 2874 potuerit
961 2841 1006 2864 ne
1032 2830 1101 2873 (ita
1125 2829 1292 2863 distincte
1312 2828 1356 2862 H
1360 2828 1451 2872 PB)
1477 2825 1588 2860 uitari
1614 2824 1746 2867 (ueteri
1766 2826 1801 2860 B
1810 2826 1834 2869 ¹)

316 2895 361 2918 ne
387 2885 424 2917 in
452 2895 534 2918 cum
560 2883 681 2918 1000111
712 2882 897 2919 ueniretur
922 2886 957 2916 M
984 2883 1189 2926 (refellatur
1214 2894 1245 2924 v,
1272 2880 1462 2915 refelletur
1490 2879 1726 2922 Omnibonus)
