2003 3116
694 116 1062 149 PROLEGOMENA.
1567 114 1648 154 129

126 224 286 265 Badius
326 224 557 267 Ascensius
595 223 640 264 in
678 224 777 267 edit.
811 224 1005 265 Parisina
1043 238 1079 265 a.
1113 224 1225 266 1508
1267 223 1312 265 in
1351 223 1647 278 disquisitione

125 295 365 349 praemissa
398 295 532 337 libros
560 294 612 337 ad
638 294 739 337 Her.
768 295 874 337 dixit
900 310 992 337 esse
1019 294 1231 337 ‘fortassis
1259 310 1366 350 opus
1394 295 1580 337 hominis
1605 294 1651 336 in

127 365 274 408 eodem
302 381 398 408 cum
419 365 624 409 Cicerone
651 366 749 425 ludo
776 366 993 409 instituti'.
1043 365 1168 408 Hanc
1194 366 1451 408 sententiam
1477 366 1650 408 uberius

128 440 351 479 exsecutus
373 440 438 479 est
459 439 631 479 auctore
646 436 909 491 Kiesslingio
926 437 1126 478 Thieleus
1148 437 1191 478 in
1207 437 1506 480 dissertatione
1521 452 1652 493 supra

102 521 105 524 ·
125 523 164 563 p.
190 509 275 551 120
299 508 485 550 laudata.
530 508 736 550 Attamen
757 509 793 549 si
814 522 864 549 ea
890 522 998 563 quae
1021 523 1150 562 supra
1170 509 1220 549 de
1240 511 1395 550 natura
1415 512 1459 551 et
1485 509 1650 565 origine

125 580 347 635 utriusque
374 580 515 635 operis
536 579 810 634 exposuimus
830 594 870 634 p.
888 579 982 620 104.
1000 578 1084 620 115
1106 580 1141 620 si
1160 581 1387 634 utrumque
1414 595 1519 635 opus
1541 595 1649 622 com—

127 651 360 692 mentarius
388 650 669 692 scholasticus
697 653 763 691 est
794 665 872 692 nec
905 650 1161 705 scriptorum
1195 650 1271 692 illa
1303 654 1533 706 praecepta
1559 651 1650 693 rhe-

125 722 259 764 torica
285 722 356 763 sed
382 721 658 776 tradentium,
690 722 767 764 illa
793 722 910 763 nullo
936 723 1065 776 pacto
1093 723 1308 764 sententia
1339 722 1500 777 poterit
1527 724 1650 764 stare.

128 791 321 848 Scriptor
347 793 399 834 ad
421 791 522 835 Her.
543 807 674 848 purus
700 796 830 848 putus
858 795 924 835 est
944 793 1137 848 Latinus,
1165 808 1232 835 res
1253 792 1442 836 Graecas
1468 794 1653 836 remouit

126 879 178 905 ex
206 864 317 906 libro
350 879 427 906 suo
454 879 529 906 nec
558 879 712 906 nomen
742 864 895 907 Graeci
922 865 1144 919 scriptoris
1171 865 1214 906 in
1242 880 1369 920 opere
1397 880 1473 907 suo
1499 880 1651 920 passus

126 938 192 977 est
222 931 417 978 inueniri.
467 935 614 991 Longe
650 936 773 978 aliter
799 935 946 979 Cicero
979 936 1097 978 cuius
1132 951 1240 991 opus
1275 938 1311 978 si
1337 937 1652 992 comparaueris

124 1007 341 1062 palliatae,
367 1007 626 1050 rhetoricam
655 1007 708 1049 ad
728 1007 830 1050 Her.
853 1022 1076 1063 compares
1098 1010 1269 1063 oportet
1294 1011 1485 1064 togatae.
1527 1008 1652 1050 Prae-

125 1081 245 1120 terea
271 1079 492 1133 utriusque
520 1079 661 1134 operis
688 1082 917 1134 praecepta
944 1080 1119 1121 minime
1146 1081 1331 1134 possunt
1359 1083 1462 1121 nata
1489 1095 1582 1122 esse
1609 1080 1652 1121 in

126 1149 271 1191 eadem
299 1149 457 1205 schola,
487 1150 571 1192 nisi
598 1151 709 1192 forte
739 1151 833 1206 quis
860 1152 1150 1193 demonstrare
1177 1152 1317 1206 possit
1343 1151 1652 1207 philosophum

125 1221 309 1276 aliquem
336 1221 462 1264 modo
491 1222 684 1264 docuisse
711 1222 1044 1277 peripateticam
1072 1222 1323 1278 doctrinam,
1350 1223 1476 1266 modo
1496 1223 1653 1278 Epicu—

127 1307 242 1334 ream
268 1293 338 1335 1161
364 1293 580 1335 rhetorem
607 1294 818 1348 quendam
845 1294 972 1336 modo
1000 1294 1253 1349 Apollodori
1280 1294 1405 1336 modo
1433 1294 1653 1336 Theodori

129 1364 398 1419 disciplinam
433 1380 524 1407 esse
556 1365 810 1420 professum.
873 1365 984 1408 Toto
1019 1366 1136 1408 caelo
1171 1366 1283 1407 enim
1317 1368 1432 1407 artes
1465 1365 1653 1408 Graecae

127 1450 233 1490 quas
267 1438 472 1478 secuntur
504 1437 615 1478 inter
648 1451 692 1478 se
725 1437 919 1479 diuersae
953 1440 1070 1492 simt,
1101 1438 1233 1478 immo
1267 1437 1401 1478 altera
1434 1438 1558 1479 alteri
1590 1438 1654 1479 in—

129 1507 267 1549 fensa:
301 1507 409 1550 conf.
439 1523 568 1562 supra
599 1523 639 1562 p.
671 1509 764 1550 1523.
816 1508 952 1550 Multo
986 1509 1199 1563 copiosior
1233 1511 1274 1549 et
1305 1509 1473 1563 plenior
1505 1508 1653 1550 Cicero

126 1579 347 1634 multoque
375 1579 559 1621 doctior:
591 1595 815 1621 numerum
842 1580 1098 1635 paginarum
1132 1581 1400 1634 consumpsit
1431 1581 1474 1621 in
1506 1581 1652 1621 inuen—

124 1649 240 1691 tione
266 1650 492 1693 tractanda
519 1652 656 1694 altero
684 1654 806 1694 tanto
834 1652 1085 1706 ampliorem
1112 1666 1241 1706 quam
1268 1652 1452 1707 scriptor
1479 1652 1531 1693 ad
1552 1651 1652 1692 Her.

126 1721 351 1765 Praeterea
384 1738 492 1777 quae
525 1723 575 1765 de
608 1723 992 1765 constitutionibus
1027 1723 1200 1778 docent,
1238 1724 1420 1764 maxime
1458 1723 1570 1765 inter
1609 1738 1653 1763 se

125 1792 382 1849 discrepant,
414 1808 510 1838 cum
538 1793 685 1837 Cicero
714 1795 1054 1837 controuersiam
1081 1809 1173 1837 esse
1207 1797 1281 1836 aut
1314 1795 1356 1835 in
1390 1794 1549 1849 scripto
1582 1797 1654 1836 aut

125 1865 168 1905 in
195 1865 360 1907 ratione
389 1864 552 1921 doceat,
584 1866 703 1908 illam
733 1881 825 1908 esse
853 1867 1263 1922 quinquepartitam,
1295 1865 1405 1907 hanc
1439 1866 1653 1920 quomodo

126 1938 226 1990 apte
253 1936 560 1991 interpretatus
592 1939 659 1991 sit,
691 1953 775 1979 non
803 1938 994 1980 inuenio:
1029 1937 1179 1978 deinde
1207 1939 1411 1992 quattuor
1436 1951 1528 1978 6336
1555 1951 1652 1978 con-

128 2007 377 2049 stitutiones
411 2010 465 2050 ab
498 2010 594 2051 istis
628 2009 952 2064 controuersiis,
988 2024 1166 2065 quarum
1201 2009 1324 2050 alteri
1358 2008 1652 2064 Hermagoras

126 2081 331 2133 quattuor
369 2080 697 2122 constitutiones
738 2080 1284 2135 subiunxerat,.diuersas:
1331 2083 1375 2121 at
1413 2061 1652 2134 anonymus

126 2149 179 2190 ad
214 2149 316 2192 Her.
363 2152 680 2194 controuersias
735 2152 883 2206 scripti
932 2155 976 2193 et
1019 2152 1200 2193 rationis
1252 2151 1427 2192 omnino
1478 2151 1653 2206 omittit,

124 2222 211 2261 tres
251 2220 428 2262 adhibet
467 2222 816 2278 constitutiones,
859 2222 1210 2277 coniecturalem,
1255 2222 1513 2277 legitimam,
1551 2222 1650 2264 iuri-

126 2291 334 2333 dicialem.
384 2292 528 2348 Atque
556 2293 859 2335 coniecturalis
887 2293 1057 2348 quidem
1091 2292 1342 2335 constitutio
1376 2293 1506 2334 etiam
1539 2293 1651 2347 apud

125 2361 374 2405 Ciceronem
406 2364 639 2419 inuenitur,
672 2364 744 2406 sed
777 2365 837 2406 ita
868 2367 1054 2407 tractata
1087 2367 1129 2406 et
1161 2365 1205 2405 in
1237 2366 1383 2418 partes
1416 2365 1479 2406 ita
1511 2364 1651 2405 distri-

124 2433 242 2488 buta,
274 2437 322 2475 ut
352 2435 463 2476 nihil
490 2436 665 2477 omnino
694 2436 832 2477 simile
860 2436 973 2492 apud
1000 2438 1227 2491 utrumque
1254 2436 1516 2477 inueniatur:
1550 2436 1652 2490 legi-

124 2505 232 2546 tima
253 2506 505 2548 constitutio
533 2506 680 2549 eadem
702 2522 794 2549 esse
822 2510 1003 2562 apparet
1029 2511 1157 2562 atque
1185 2507 1478 2549 controuersia
1504 2506 1663 2561 scripti

125 2575 356 2632 Ciceronis,
382 2577 466 2618 nisi
494 2578 607 2632 quod
636 2579 747 2633 apud
769 2583 1030 2632 anonymum
1058 2579 1179 2620 illum
1206 2578 1431 2620 translatio
1452 2592 1553 2632 pars
1586 2580 1653 2618 est

125 2647 347 2702 legitimae
382 2648 717 2703 constitutionis,
750 2649 862 2704 apud
895 2648 1144 2692 Ciceronem
1176 2648 1498 2691 constitutionis
1529 2663 1651 2704 quar-

124 2720 195 2760 tae
222 2734 398 2761 numero
427 2719 622 2761 habetur.
672 2719 928 2762 Iuridicialis
955 2720 1209 2762 constitutio
1243 2720 1355 2775 apud
1388 2734 1651 2774 anonymum

126 2790 256 2831 tertia
295 2793 378 2845 est,
416 2805 512 2832 cum
546 2788 696 2833 Cicero
732 2793 899 2845 partem
933 2806 1026 2832 eam
1059 2791 1173 2832 dicat
1205 2802 1297 2832 es'se
1330 2791 1651 2832 constitutionis

129 2861 355 2915 generalis.
418 2861 532 2904 Ordo
577 2862 726 2904 deinde
772 2862 1077 2917 disputationis
1121 2862 1315 2904 diuersus
1367 2865 1451 2904 est:
1501 2861 1650 2905 Cicero

197 2936 245 2961 Ad
260 2937 449 2963 Herennium
467 2938 540 2963 libri
559 2938 611 2972 IV,
630 2939 676 2964 ed.
689 2939 799 2965 MARX.
1348 2936 1366 2965 ‘J
