2003 3116
409 148 553 182 LIBER
576 148 627 182 IV
651 147 742 193 (Vl).
793 147 891 183 CAP.
919 147 1070 181 37-39.
1120 147 1139 186 ἕ
1166 145 1316 179 49—51.
1537 137 1623 181 349

223 258 304 300 Hic
337 259 373 300 si
406 259 499 314 quis
532 257 727 299 dixisset:
760 256 844 299 ‘Ut
876 255 1036 310 optime
1068 252 1287 307 tenerem,'
1319 251 1495 294 tametsi
1524 265 1624 292 uere

106 330 298 384 dixisset,
337 333 482 371 tamen
521 329 734 384 adrogans
766 327 882 369 uisus
916 329 1041 368 esset.
1101 324 1227 367 Nune
1259 326 1301 365 et
1333 324 1385 364 ad
1417 322 1624 364 inuidiam

104 401 385 456 uita<nda>m
419 405 461 442 et
492 400 661 441 laudem
695 398 1011 453 conparandam
1045 396 1150 438 satis
1185 395 1346 436 dictum
1378 399 1452 436 est.

223 472 349 513 Item:
383 471 560 513 eUtrum
585 470 719 525 igitur
747 469 954 511 auaritiae
982 482 1037 509 an
1063 467 1268 522 egestatis
1292 481 1344 505 ιιι*
1366 466 1546 508 accessit
1573 465 1626 506 ad

70 557 86 583 5
166 542 450 585 maleficium?
483 540 734 583 Auaritiae‘?
767 541 826 580 At
851 539 1119 594 largissimus
1139 537 1222 579 fuit
1241 538 1286 579 in
1307 537 1486 591 amicos3
1513 535 1625 591 quod

165 615 336 670 signum
369 612 644 654 liberalitatis
671 614 748 666 est,
781 625 888 665 quae
914 609 1129 651 contraria
1156 612 1220 650 est
1245 608 1462 649 auaritiae.
1512 606 1625 662 Ege-

164 684 321 726 statis‘?
372 683 482 725 Huic
516 682 686 736 quidem
718 685 841 737 pater
870 705 917 710 -
947 680 1048 721 nolo
1080 680 1260 720 nimium
1289 678 1428 720 dicere
1458 703 1506 708 —
1537 693 1624 719 non

162 755 463 798 tenuissimum
495 753 804 808 patrimonium
835 749 1034 807 reliquit.'

222 826 306 869 Hic
349 840 514 881 quoque
558 826 743 866 uitatum
787 826 873 878 est,
922 837 975 864 ne
1021 835 1223 877 magnum
1267 824 1342 862 aut
1391 821 1626 862 maximum

54 913 87 939 10
106 899 329 941 diceretur.
389 896 484 938 Hoc
524 897 658 952 igitur
695 895 740 936 in
778 894 936 936 nostris
976 897 1049 935 aut
1088 908 1254 947 eorum,
1295 908 1400 948 quos
1433 892 1626 934 defende-

106 985 222 1025 mus,
272 969 454 1024 egregiis
505 966 740 1009 commodis
782 965 1048 1021 proferendis
1099 964 1437 1006 obseruabimus.
1512 963 1625 1005 Nam

107 1040 314 1083 eiusmodi
359 1055 426 1081 res
472 1042 515 1081 et
557 1039 765 1080 inuidiam
810 1037 1070 1079 contrahunt
1106 1037 1148 1077 in
1188 1037 1279 1078 uita
1317 1039 1360 1076 et
1398 1035 1542 1077 odium
1582 1036 1624 1076 in

107 1112 318 1167 oratione,
367 1112 404 1153 si
451 1110 762 1152 inconsiderate
813 1112 984 1150 tractes.
1079 1107 1218 1156 Quare
1269 1107 1625 1161 quemadmodum

106 1184 273 1225 ratione
309 1183 354 1224 in
392 1182 576 1224 uiuendo
614 1182 778 1236 fugitur
815 1180 997 1230 inuidia,
1042 1180 1100 1221 sic
1144 1179 1187 1220 in
1229 1178 1403 1220 dicendo
1443 1177 1625 1220 consilio

55 1267 88 1293 15
105 1255 272 1298 uitatur
304 1255 461 1296 odium.
1641 1279 1697 1321 39

225 1325 524 1380 Descriptio
555 1324 815 1378 nominatur,
848 1337 954 1378 quae
980 1337 1123 1364 rerum
1150 1321 1502 1376 consequentium
1528 1335 1624 1362 con·
1642 1350 1684 1381 51

105 1399 216 1440 tinet
254 1399 525 1453 perspicuam
563 1398 606 1438 et
645 1395 872 1437 dilucidam
911 1409 1005 1436 cum
1045 1395 1261 1449 grauitate
1300 1393 1626 1447 expositionem,

105 1469 187 1512 hoc
218 1470 364 1512 modo:

283 1539 468 1590 ‘Quodsi
498 1540 642 1594 istum,
673 1538 846 1591 iudices,
879 1537 1035 1579 uestris
1068 1536 1295 1579 sententiis
1328 1535 1627 1587 liberaueritis,

60 1626 94 1651 20
174 1612 339 1667 statim,
385 1611 496 1653 sicut
539 1626 560 1652 e
599 1624 730 1651 cauea
766 1610 832 1651 leo
870 1609 1048 1651 emissus
1087 1611 1161 1650 aut
1199 1608 1342 1662 aliqua
1379 1607 1627 1649 taeterrima

225 1752 274 1787 20
300 1751 493 1786 Demosth.
521 1751 565 1786 de
592 1751 671 1786 fals.
693 1751 764 1796 leg.
787 1754 855 1785 314
882 1750 944 1784 καὶ
972 1748 1034 1785 διὰ
1061 1753 1126 1794 τῆς
1150 1747 1291 1795 οἷγορᾶς
1315 1746 1518 1793 πορεύεται
1543 1748 1628 1783 θοί-

107 1804 240 1851 μάτιον
266 1806 402 1846 καθεὶς
429 1802 513 1850 ἄχρι
540 1806 613 1839 τῶν
647 1805 818 1849 σφυρῶν,
853 1805 913 1838 ι”σα
945 1805 1086 1849 βαίνων
1119 1805 1330 1847 Πυθοκλεῖ,
1363 1801 1428 1842 τας
1459 1801 1628 1848 γνάθους

106 1859 238 1904 φυσῶν
274 1862 403 1894 contra
422 1859 583 1904 Aristog.
609 1858 684 1892 [52
711 1855 803 1892 ἀλλὰ
831 1855 1031 1902 πορεύεται
1058 1856 1120 1892 διὰ
1147 1857 1211 1901 τῆς
1237 1855 1377 1901 ἀγορᾶς
1403 1853 1525 1901 ὥσπερ
1554 1855 1628 1900 ἔχις

108 1908 131 1957 ἢ
159 1914 336 1957 σκορπίος
361 1910 483 1958 ἠρκὼς
507 1910 549 1947 τὸ
575 1911 731 1956 κέντρον
757 1908 878 1960 ᾄττων
905 1913 1017 1955 δεῦρο
1043 1908 1193 1945 κάκεῖσε
1216 1911 1366 1945 σκοπῶν
1386 1912 1459 1944 τίνι
1485 1922 1627 1954 συμφο-

107 1964 177 2010 ρὰν
215 1963 236 2011 ἢ
275 1968 512 2014 βλασφημίαν
546 1961 569 2009 ἢ
613 1963 732 1999 κακόν
772 1978 806 1999 τι
841 1963 1167 2010 προστριψάμενος
1202 1964 1267 1998 καὶ
1304 1963 1538 2008 καταστήσας
1576 1962 1628 2003 εἰς

106 2019 228 2066 φόβον
260 2017 438 2064 ἀργύριον
472 2016 654 2063 πράξεται
685 2017 899 2062 (Minucian.
926 2017 990 2052 RG
1017 2017 1067 2051 IX
1093 2021 1161 2052 604
1187 2017 1234 2051 W
1262 2019 1274 2052 Ι
1302 2021 1369 2052 419
1398 2017 1447 2061 Sp
1473 2016 1625 2052 Aristid.

104 2073 170 2108 RG
190 2073 239 2107 IX
260 2077 327 2108 385
346 2072 395 2106 W
414 2072 448 2106 11
467 2075 534 2107 493
557 2072 621 2116 Sp)

225 2209 247 2244 1
274 2221 345 2254 que
370 2209 412 2243 Η
495 2208 518 2243 2
546 2207 700 2243 dixisset
724 2219 779 2243 om
804 2207 863 2242 Η1
949 2219 1127 2253 arrogans
1152 2208 1266 2243 BHE
1359 2208 1382 2243 3
1407 2207 1527 2243 uitam
1546 2208 1632 2242 ΗΡ

107 2263 273 2306 (fortasse
309 2273 353 2297 em
385 2261 608 2306 uitamdam)
746 2255 1022 2305 conparandam
1054 2262 1140 2295 ΗΡ
1170 2262 1458 2306 comparandam
1495 2262 1626 2306 reliqui

106 2317 131 2350 4
157 2314 339 2351 auaritiae
363 2315 567 2359 aegestatis
600 2315 637 2349 P
661 2315 788 2358 (causa
812 2315 887 2349 add
919 2314 982 2360 pe)
1020 2314 1200 2349 auaritiae
1227 2315 1432 2361 aegestatis
1459 2315 1504 2350 H
1537 2327 1624 2350 aua-

106 2369 217 2403 ritiae
242 2369 399 2413 gestatis
424 2368 461 2403 B
499 2368 678 2403 auaritiae
712 2370 855 2412 egestas
882 2369 922 2401 H
956 2368 1104 2403 aum-iae
1132 2371 1197 2403 aut
1221 2370 1425 2413 aegestatis
1458 2379 1571 2403 causa
1598 2369 1628 2404 C

108 2433 220 2457 causa
245 2422 424 2457 auaritiae
445 2424 509 2457 aut
528 2421 705 2466 egestatis
724 2425 752 2454 E
772 2422 865 2456 deest
883 2422 1000 2456 ‘caelati
1020 2422 1165 2466 plenus,
1185 2422 1416 2457 incontinens
1479 2422 1502 2456 5
1516 2422 1566 2456 At
1582 2443 1623 2447 —

108 2478 166 2510 est
190 2475 369 2510 auaritiae
394 2486 450 2510 om
475 2476 488 2510 Z
633 2476 672 2509 at
698 2474 847 2509 1³20ch
885 2485 907 2509 a
933 2475 990 2508 H¹
1028 2486 1071 2509 ac
1097 2475 1243 2510 H²PB
1281 2477 1327 2509 ad
1355 2477 1394 2510 H
1528 2476 1546 2510 7
1576 2477 1625 2509 At

106 2528 194 2564 huic
219 2533 246 2562 E
344 2528 367 2563 8
393 2528 517 2563 tenuis
543 2528 675 2563 simum
700 2528 746 2563 H
837 2527 999 2572 reliquid
1024 2529 1068 2562 H
1162 2529 1212 2564 10
1236 2529 1334 2573 quod
1361 2529 1406 2563 Η
1499 2529 1627 2562 defen-

108 2582 227 2617 dimus
253 2582 266 2617 l
362 2581 410 2616 11
439 2581 609 2626 egregius
636 2581 665 2616 Ο
758 2580 993 2626 proferundis
1020 2582 1040 2615 b
1138 2581 1187 2616 12
1214 2582 1292 2616 eius
1318 2581 1430 2616 modo
1449 2593 1526 2616 rem
1550 2582 1627 2615 PB

108 2635 186 2670 eius
210 2635 404 2670 modorum
429 2634 475 2669 H
566 2633 616 2669 14
640 2633 678 2668 in
704 2634 848 2669 ratione
874 2634 1033 2668 uiuendo
1060 2634 1227 2678 (uiuendi
1251 2636 1330 2679 d)E
1416 2634 1559 2679 fugitur
1585 2636 1628 2669 Ζῶ

106 2688 258 2723 fulcitur
278 2688 475 2723 bHPHB
501 2687 561 2722 uel
587 2687 729 2731 fugitur
754 2687 906 2722 fulcitur
927 2686 957 2721 G
1050 2687 1196 2722 dicendi
1222 2689 1245 2722 d
1329 2688 1377 2722 15
1392 2692 1475 2732 post
1501 2688 1627 2722 odium

107 2743 182 2778 add
206 2742 349 2777 HPB:
375 2741 438 2776 DE
465 2740 810 2776 DESCRIPTIONE
836 2738 1189 2784 (DISCRIPTIONE
1215 2741 1264 2784 B)
1316 2741 1364 2776 16
1378 2740 1628 2786 DiscriptioB

108 2796 409 2840 consequentiam
435 2794 521 2830 ΗΡ
631 2794 676 2829 17
704 2804 771 2838 per
796 2792 963 2838 spicuam
988 2793 1029 2828 H
1065 2804 1132 2838 per
1163 2793 1282 2839 spiam
1311 2794 1341 2828 O
1457 2794 1507 2830 19
1532 2794 1628 2829 liber

108 2849 277 2884 abieritis
297 2849 342 2883 H
434 2848 484 2884 20
497 2859 634 2883 ecauea
653 2847 689 2882 B
715 2858 830 2882 cauea
849 2847 893 2881 H
906 2857 973 2892 per
997 2852 1113 2882 cauea
1137 2847 1150 2882 l
1246 2846 1402 2882 emissus
1423 2848 1627 2884 Lambinus

107 2903 241 2938 missus
266 2903 308 2938 bl
343 2902 528 2938 foenissus
552 2905 588 2936 Μ
625 2901 847 2947 phaenissus
872 2901 898 2937 d
992 2901 1186 2936 teterrima
1210 2901 1306 2936 Mbd
1343 2900 1543 2937 deterrima
1568 2903 1579 2937 l
