2003 3116
321 103 401 143 148
891 100 1260 133 PROLEGOMENA.

317 211 478 252 Marius
510 207 678 261 λέγεται
704 208 809 260 μήτε
834 206 1064 260 γράμματα
1085 209 1247 259 μαθεῖν
1267 201 1502 257 Ἑλληνικὰ
1528 205 1633 259 μήτε
1659 205 1833 260 γλώσσῃ

317 282 425 335 πρὸς
465 275 602 333 μηδὲν
632 275 856 330 Ἑλληνίδι
896 280 1089 330 χρῆσθαι
1130 281 1219 316 τῶν
1263 275 1459 328 σπουδῆς
1503 274 1735 329 ἐχομένων,
1780 275 1838 324 ὡς

317 354 494 404 γελοῖον
537 348 766 402 γράμματα
809 347 1057 401 μανθάνειν
1096 343 1159 388 ὧν
1200 346 1247 387 οἱ
1281 345 1540 387 διδάσκαλοι
1584 345 1838 388 δουλεύοιεν

318 419 498 474 ἑτέροις·
531 419 637 474 μετὰ
664 416 711 460 δὲ
736 419 814 460 τὸν
841 418 1051 472 δεύτερον
1076 418 1303 472 θρίαμβον
1336 415 1406 458 ἐπὶ
1437 422 1550 458 ναοῦ
1582 431 1702 465 τινος
1732 421 1840 457 καθ-

318 491 488 545 ιερώσει
522 489 631 539 θέας
661 488 917 543 Ἑλληνικὰς
947 487 1149 544 παρέχων
1182 489 1244 537 εἰς
1275 489 1324 529 τὸ
1365 486 1558 541 θέατρον
1595 487 1741 528 ἐλθὼν
1772 485 1844 528 καὶ

317 563 457 616 μόνον
494 563 682 610 καθίσας
721 560 859 610 εὐθὺς
898 559 1203 613 ἀπαλλαγῆναι
1242 557 1372 616 (Ρ11113.
1405 558 1510 600 Mar.
1536 557 1595 614 2).
1658 558 1700 599 Ι5
1734 557 1843 600 ‘non

317 632 483 674 Graeca
522 631 723 674 facundia
767 646 904 685 neque
942 631 1118 673 urbanis
1157 629 1379 671 munditiis
1418 643 1509 671 sese
1548 627 1756 671 exercuit'
1793 631 1842 670 ut

317 704 449 745 refert
483 703 715 745 Sallustius
749 701 860 759 (lug.
888 704 957 757 63,
985 703 1028 744 3:
1067 701 1177 744 conf.
1205 701 1281 756 85,
1307 701 1363 743 32
1395 699 1491 742 Val.
1517 699 1628 741 Max.
1653 698 1697 740 II
1723 700 1767 752 2,
1794 696 1840 755 3)

318 790 454 830 neque
481 775 586 816 haec
608 774 867 816 Graecanica
895 774 1038 815 studia
1063 775 1215 828 postea
1235 773 1279 813 in
1306 772 1396 813 eius
1422 771 1585 812 familia
1610 772 1656 812 in
1680 770 1841 812 honore

319 849 443 887 erant
482 861 577 888 cum
616 845 672 887 M.
704 845 865 886 Marius
903 845 975 886 ille
1016 847 1187 886 auctore
1226 842 1429 885 Cicerone
1468 842 1590 896 epist.
1640 840 1726 882 VII
1754 841 1790 896 1,
1816 841 1842 882 3

318 916 459 959 eludos
494 917 680 958 Graecos
713 917 774 958 ita
805 931 891 957 non
925 918 1058 970 amet,
1089 918 1137 957 ut
1167 930 1220 957 ne
1252 915 1305 956 ad
1336 913 1484 955 uillam
1518 912 1688 967 quidem
1723 926 1845 954 suam

323 988 393 1029 uia
433 987 598 1029 Graeca
629 987 689 1028 ire
723 986 887 1028 soleat'.
948 986 1112 1028 Eodem
1146 988 1290 1028 autem
1323 984 1419 1027 odio
1454 984 1641 1026 Graecae
1672 983 1846 1039 linguae

319 1059 566 1113 flagrabant
595 1058 640 1099 L.
661 1057 793 1099 Plotii
822 1072 1085 1099 successores
1114 1056 1328 1099 Ciceronis
1356 1056 1519 1097 inimici
1547 1055 1715 1098 Cestius
1745 1054 1845 1095 Pius

320 1131 495 1185 eiusque
525 1129 758 1183 discipulus
783 1128 1066 1184 Argentarius
1088 1126 1222 1169 Cestii
1251 1128 1412 1182 simius,
1439 1127 1510 1182 qui
1535 1127 1578 1168 in
1605 1125 1846 1167 imitatione

321 1200 615 1256 praeceptoris
648 1199 777 1241 ‘illud
809 1202 954 1241 tamen
987 1198 1151 1253 optima
1183 1198 1265 1239 fide
1297 1197 1515 1253 praestitit
1540 1212 1636 1239 cum
1667 1198 1846 1251 uterque

320 1271 510 1314 Graecus
538 1273 663 1324 esset,
689 1273 738 1312 ut
773 1285 1005 1325 numquam
1035 1269 1194 1311 Graece
1221 1268 1494 1311 declamaret'
1523 1266 1688 1324 (Senec.
1715 1269 1847 1308 contr.

318 1342 379 1383 IX
411 1343 488 1396 26,
524 1342 612 1395 13),
658 1356 753 1383 cum
797 1340 946 1382 Cicero
993 1339 1178 1382 Graecas
1221 1340 1555 1382 declamationes
1593 1340 1637 1380 in
1681 1339 1847 1381 caelum

320 1414 471 1455 ferret:
517 1412 626 1455 conf.
665 1427 794 1467 supra
830 1427 870 1467 p.
907 1412 1002 1454 146.
1070 1410 1365 1453 Clarissimum
1412 1413 1555 1453 autem
1599 1411 1722 1452 istius
1763 1410 1848 1452 odii

321 1487 470 1526 contra
491 1483 677 1525 Graecos
704 1483 996 1525 testimonium
1025 1484 1166 1524 exstat
1187 1482 1230 1523 in
1257 1481 1473 1524 quenalis
1494 1481 1679 1523 rhetoris
1700 1480 1846 1522 Latini

323 1556 478 1597 saturis
499 1555 564 1596 ΠΙ
585 1555 640 1597 58
656 1569 771 1610 seqq.
793 1557 836 1596 et
855 1555 896 1596 in
919 1554 1036 1596 Flori
1058 1554 1243 1595 rhetoris
1265 1553 1451 1594 carmine
1472 1552 1589 1594 PLM
1609 1552 1671 1593 IV
1692 1567 1733 1606 p.
1749 1552 1848 1594 347.

438 1626 532 1668 Iam
571 1627 666 1667 uide
706 1641 834 1681 quam
874 1625 1043 1667 diuerso
1083 1625 1208 1666 modo
1243 1623 1391 1667 Cicero
1423 1623 1471 1665 L.
1502 1624 1625 1665 illum
1658 1623 1847 1664 Plotium

324 1699 522 1753 appellet.
565 1697 617 1738 In
645 1697 839 1738 oratione
866 1711 944 1751 pro
969 1695 1129 1738 Archia
1155 1695 1200 1737 L.
1223 1695 1411 1737 Plotium
1440 1695 1629 1749 appellat
1657 1693 1700 1737 C.
1721 1693 1849 1735 Marii

323 1769 650 1810 dilectissimum
695 1768 898 1822 amicum,
948 1768 992 1808 in
1036 1767 1157 1808 libris
1203 1767 1252 1808 de
1298 1781 1356 1808 or.
1392 1766 1571 1808 eundem
1614 1766 1848 1807 insectatur

322 1841 495 1882 nomine
540 1841 783 1893 subtracto,
831 1840 872 1880 in
920 1839 1102 1893 epistola
1148 1838 1200 1878 ad
1245 1838 1451 1879 Titinium
1502 1837 1608 1878 satis
1659 1836 1847 1890 maligne

325 1911 505 1953 eundem
533 1911 726 1966 appellat
745 1910 791 1952 L.
812 1909 999 1951 Plotium
1028 1909 1241 1962 quendam.
1285 1908 1541 1950 Diutissime
1569 1922 1664 1949 eum
1690 1907 1848 1948 uixisse

326 1981 554 2024 Suetonius
589 1984 737 2023 auctor
769 1983 850 2022 est:
882 1980 1205 2021 celeberrimum
1239 1994 1334 2021 eum
1365 1978 1494 2020 fuisse
1527 1980 1848 2032 praeceptorem

325 2067 375 2094 ex
408 2053 620 2094 Varronis
660 2052 815 2094 saturis
861 2051 1054 2092 uidemus
1095 2050 1168 2105 qui
1206 2050 1369 2092 257132
1421 2049 1680 2091 ‘Automedo
1719 2063 1849 2103 meus,

325 2124 435 2178 quod
478 2123 587 2178 apud
620 2123 806 2164 Plotium
848 2122 1066 2164 rhetorem
1105 2121 1415 2175 bubulcitarat,
1453 2120 1548 2162 erili
1588 2120 1724 2162 dolori
1762 2134 1850 2162 non

326 2193 489 2236 defuit?
540 2194 699 2248 Lepide
730 2193 872 2235 hercle
906 2192 1032 2235 sicuti
1064 2193 1108 2233 in
1145 2191 1344 2234 Atellana
1369 2191 1510 2234 Varro
1543 2191 1775 2233 bubulcum
1809 2193 1851 2232 et

327 2279 557 2319 agasonem
596 2265 718 2306 illum
755 2264 858 2305 fecit
894 2263 1249 2305 rhetorissantem
1290 2263 1362 2318 qui
1402 2265 1445 2304 et
1481 2262 1773 2304 circumitione
1807 2265 1850 2304 et

327 2335 617 2376 deminutione
652 2337 797 2375 utatur
830 2334 967 2375 facete
1000 2331 1127 2387 (conf.
1156 2334 1209 2374 ad
1241 2334 1342 2375 Her.
1369 2333 1431 2374 IV
1459 2334 1527 2387 32,
1552 2334 1621 2375 43.
1656 2333 1726 2386 38,
1752 2332 1847 2388 50):

326 2407 400 2447 illa
433 2406 572 2460 figura
605 2404 753 2445 eodem
785 2404 873 2445 fere
906 2404 1032 2445 modo
1066 2403 1171 2445 satis
1205 2403 1357 2458 frigide
1391 2406 1433 2444 et
1459 2404 1637 2445 delicate
1665 2404 1850 2458 scriptor

328 2476 381 2518 ad
419 2475 520 2517 Her.
553 2476 711 2517 abusus
751 2477 816 2516 est
853 2476 898 2516 in
937 2474 1050 2515 exitu
1089 2474 1188 2515 libri
1224 2473 1246 2515 I
1284 2474 1381 2516 ‘ut.
1403 2507 1411 2516 .
1433 2490 1616 2516 ‚munus
1657 2474 1738 2516 hoc
1779 2474 1849 2515 ad-

329 2547 680 2588 cumulatissume
730 2549 829 2588 tuae
879 2546 1115 2600 largiamur
1164 2545 1408 2588 uoluntati'.
1475 2545 1670 2588 Eundem
1719 2559 1847 2599 porro

327 2618 372 2659 L.
404 2617 593 2659 Plotium
627 2617 798 2659 Gallum
832 2632 856 2657 a
887 2616 1083 2658 Varrone
1116 2617 1200 2658 379
1221 2616 1264 2668 Bj
1295 2616 1417 2671 tangi
1451 2617 1673 2658 statuerim
1707 2616 1751 2656 in
1784 2630 1847 2656 sa-

328 2692 426 2730 tura
458 2704 541 2743 qua
572 2686 671 2742 περὶ
703 2687 931 2743 ἐγκωμίων
966 2690 1113 2743 egerat
1147 2687 1488 2742 Graecorumque
1521 2690 1564 2728 et
1594 2686 1847 2728 Latinorum

330 2760 468 2800 studia
511 2759 725 2800 rhetorica
763 2761 1086 2813 comparauerat
1123 2760 1171 2799 ut
1208 2773 1258 2799 ex
1302 2757 1556 2814 fragmentis
1600 2756 1845 2798 etiamnunc

330 2829 597 2883 agnoscitur,
635 2829 702 2869 his
740 2828 901 2870 uerbis:
940 2828 1032 2869 ‘ille
1067 2829 1154 2869 ales
1187 2829 1325 2883 gallus
1360 2829 1431 2883 qui
1465 2827 1702 2870 suscitabat
1735 2826 1849 2869 Atti-
