2003 3116
342 114 425 154 130
916 109 1281 142 PROLEGOMENA.

340 221 457 261 illam
503 219 553 258 de
599 216 659 257 IV
700 215 1083 258 constitutionibus
1128 213 1365 255 doctrinam
1410 215 1508 253 ante
1553 213 1770 254 exordium
1816 214 1858 253 et

339 289 629 331 narrationem
676 285 930 340 explicatam
977 286 1168 325 enarrat:
1218 284 1401 338 scriptor
1444 283 1497 324 ad
1540 282 1641 324 Her.
1685 283 1855 325 exordio

339 360 584 401 narratione
622 356 833 398 diuisione
873 355 1092 408 absoluta,
1134 369 1229 396 cum
1267 354 1321 396 ad
1360 354 1695 396 confirma-tionis
1737 369 1857 408 prae-

340 433 464 484 cepta
502 428 761 484 adgreditur.
824 426 1046 468 Postremo
1086 425 1424 468 confirmationis
1462 427 1691 480 praecepta
1729 439 1856 479 quain

339 501 514 543 subtilia
546 503 588 541 et
620 500 793 554 copiosa
825 498 1025 540 exhibeat
1053 496 1214 552 Cicero,
1247 512 1343 539 cum
1376 497 1488 551 apud
1521 497 1703 538 alterum
1734 495 1856 537 illum

338 587 474 627 pauca
499 573 668 613 tantum
696 572 737 611 et
763 570 907 611 tenuia
935 571 1114 624 exstent,
1141 583 1286 611 omnes
1314 569 1453 610 sciunt
1479 567 1550 623 qui
1572 582 1665 608 eam
1691 570 1858 622 partem

340 645 533 685 accurate
565 642 854 697 perlegerunt:
889 641 996 681 nihil
1028 639 1096 682 hic
1129 640 1252 681 docet
1283 639 1333 680 de
1366 638 1715 692 ratiocinatione,
1750 638 1859 679 nihil

339 714 390 756 de
423 714 683 755 inductione.
733 712 864 753 Porro
898 712 992 766 ipso
1024 711 1099 753 illo
1133 712 1226 753 loco
1260 725 1343 766 quo
1375 710 1622 752 Ciceronem
1656 709 1860 763 anonymi

339 787 568 840 praecepta
606 785 656 826 de
694 783 869 825 exordio
915 785 1114 824 enarrata
1153 783 1271 837 sequi
1309 782 1393 822 uiri
1431 780 1543 823 docti
1584 780 1860 835 arbitrantur,

338 857 406 898 hic
432 856 493 897 IV
521 870 680 912 genera
713 869 937 896 causarum
971 856 1202 908 enumerat,
1234 853 1308 894 ille
1334 852 1385 894 V.
1436 851 1601 893 Deinde
1634 852 1678 893 in
1711 852 1860 906 ampli-

338 927 537 969 ficatione
576 926 759 980 scriptor
799 925 850 966 ad
890 924 988 966 Her.
1013 923 1057 965 II
1084 924 1157 975 30,
1184 924 1239 966 48
1280 924 1424 966 decem
1461 924 1577 966 locos
1613 937 1858 965 communes

340 1000 577 1053 enumerat,
616 996 855 1052 quindecim
889 995 1037 1038 Cicero
1069 995 1089 1036 I
1116 995 1185 1049 53,
1213 996 1297 1036 100
1335 997 1377 1036 et
1408 996 1615 1049 quantum
1648 994 1856 1036 diuersos!

339 1070 384 1110 in
411 1068 703 1111 misericordia
728 1068 801 1108 ille
827 1067 869 1108 Π
890 1068 958 1122 31,
979 1067 1035 1108 50
1071 1066 1153 1108 fere
1184 1069 1293 1122 octo,
1319 1066 1387 1107 hic
1415 1065 1523 1121 155,
1546 1066 1627 1107 106
1662 1065 1859 1106 sedecim.

338 1141 405 1182 Ex
444 1141 598 1196 quibus
637 1139 835 1180 omnibus
873 1139 916 1180 id
949 1153 1050 1179 sane
1087 1140 1282 1193 apparet,
1321 1140 1457 1178 artem
1494 1137 1613 1178 illam
1652 1135 1859 1178 Graecam

339 1227 467 1268 quam
507 1210 655 1253 Cicero
701 1210 891 1265 sequitur
936 1212 978 1250 et
1023 1209 1256 1251 auctiorem
1301 1211 1343 1249 et
1382 1209 1504 1263 quasi
1548 1208 1860 1263 prouectiorem

338 1283 469 1324 fuisse
496 1282 574 1323 illa
601 1296 728 1336 quam
756 1295 994 1335 anonymus
1022 1282 1086 1321 est
1111 1280 1438 1334 interpretatus:
1472 1280 1582 1321 unde
1614 1294 1666 1320 ne
1700 1279 1860 1320 efficias

341 1353 588 1396 Ciceronem
616 1355 715 1407 post
740 1353 862 1393 illum
889 1351 1123 1406 scripsisse,
1156 1351 1410 1406 Verginium
1438 1351 1617 1392 Flauum
1645 1352 1860 1391 memento

340 1426 485 1467 eadem
519 1425 597 1466 illa
629 1426 719 1466 arte
751 1424 795 1465 in
828 1422 1186 1465 constitutionum
1219 1422 1414 1464 doctrina
1447 1437 1539 1464 esse
1573 1437 1713 1463 usum:
1752 1421 1862 1463 conf.

341 1512 470 1552 supra
502 1512 540 1551 p.
570 1495 665 1538 124.
729 1495 836 1536 Tum
868 1495 973 1536 artis
1006 1495 1219 1536 uocabula
1250 1494 1410 1548 passim
1438 1494 1607 1536 diuersa
1638 1494 1859 1549 leguntur:

341 1568 451 1623 apud
474 1567 720 1609 Ciceronem
747 1566 991 1621 appellatur
1017 1566 1191 1621 partitio
1219 1566 1372 1607 relatio
1400 1566 1592 1608 criminis
1620 1565 1859 1621 indignatio

340 1639 588 1694 conquestio
621 1653 742 1680 casus
770 1638 1056 1692 temperantia
1087 1637 1278 1679 narratio
1313 1639 1461 1692 aperta
1487 1637 1723 1692 probabilis
1752 1651 1861 1691 quae

341 1711 452 1767 apud
486 1711 666 1752 alterum
693 1711 901 1751 uocantur
928 1709 1082 1750 diuisio
1109 1708 1336 1750 translatio
1364 1708 1553 1750 criminis
1585 1708 1860 1763 amplificatio

341 1781 661 1825 commiseratio
694 1780 869 1822 fortuna
907 1780 1115 1822 modestia
1152 1780 1342 1821 narratio
1384 1779 1564 1821 dilucida
1605 1778 1861 1821 uerisimilis.

341 1852 561 1895 Cornificii
599 1867 705 1908 opus
744 1852 793 1893 de
834 1852 985 1906 figuris
1024 1852 1068 1892 in
1108 1851 1257 1893 eodem
1297 1851 1396 1892 ludo
1436 1865 1519 1905 quo
1558 1850 1770 1891 rhetorica
1809 1850 1861 1891 ad

340 1924 439 1967 Her.
472 1926 620 1966 natum
654 1938 746 1965 esse
784 1924 945 1978 potest:
989 1920 1208 1964 Ciceronis
1243 1937 1348 1976 opus
1382 1921 1431 1963 de
1464 1921 1549 1963 inu.
1583 1936 1668 1963 non
1703 1923 1859 1975 potest.

385 2038 420 2064 ‘b
459 1995 523 2037 Eo
566 1995 738 2036 maioris
783 1994 990 2035 momenti
1037 1996 1138 2035 sunt
1181 1993 1256 2034 illa
1301 1993 1405 2034 artis
1450 1993 1661 2034 uocabula
1705 1992 1860 2034 Latina

342 2059 449 2123 quae
496 2082 598 2109 casu
643 2066 789 2108 eadem
837 2081 928 2107 esse
972 2080 1059 2107 non
1108 2067 1290 2120 possunt
1334 2079 1385 2105 ex
1428 2063 1589 2106 Graeco
1640 2064 1861 2106 translata.

342 2138 458 2188 Quae
496 2138 541 2179 ni
580 2137 707 2180 fallor
747 2152 824 2179 nos
862 2137 1056 2192 relegant
1095 2135 1148 2177 ad
1188 2138 1373 2177 aetatem
1407 2135 1526 2177 illam
1560 2150 1642 2191 qua
1675 2135 1861 2176 Lucilius

342 2213 509 2252 saturas
544 2224 642 2250 suas
675 2208 924 2263 composuit.
977 2207 1118 2262 Atque
1150 2208 1335 2262 primum
1368 2207 1538 2262 quidem
1570 2206 1738 2261 utrique
1770 2207 1862 2248 rhe-

342 2282 501 2323 toricae
533 2280 711 2322 Latinae
746 2280 981 2321 communis
1015 2281 1080 2320 est
1112 2279 1223 2320 ratio
1258 2278 1429 2320 exordii.
1486 2277 1721 2319 Exordium
1755 2277 1861 2318 diui-

343 2353 456 2393 ditur
488 2352 531 2392 in
563 2351 893 2392 insinuationem
928 2352 969 2391 et
1000 2350 1044 2391 in
1075 2349 1352 2405 principium,
1386 2363 1494 2404 quae
1526 2346 1685 2390 Graece
1719 2349 1861 2403 appel-

342 2424 485 2464 lantur
511 2423 748 2477 προοίμιον
773 2423 816 2462 et
836 2420 1009 2475 ἔφοδος.
1053 2419 1332 2461 Manifestum
1354 2422 1421 2461 est
1439 2419 1710 2460 inuentorem
1734 2418 1859 2459 huius

311 2493 588 2548 *partitionis
633 2491 841 2533 Graecum
891 2491 1063 2533 exordio
1116 2506 1238 2532 suum
1288 2490 1490 2531 tribuisse
1542 2504 1590 2531 ac
1640 2489 1859 2544 proprium

343 2565 611 2606 uocabulum.
680 2562 812 2612 Quale
863 2563 905 2603 id
957 2561 1106 2617 fuerit,
1157 2577 1241 2604 non
1291 2562 1487 2603 traditur.
1557 2560 1668 2609 Quid
1716 2562 1858 2602 tamen

344 2635 532 2689 apertius
578 2636 644 2675 est
688 2636 730 2674 et
773 2633 863 2674 ueri
908 2633 1108 2688 similius,
1152 2648 1248 2675 cum
1287 2633 1338 2674 ad
1376 2632 1479 2673 Her.
1510 2631 1552 2672 Π
1578 2632 1647 2685 30,
1672 2631 1726 2672 47
1767 2646 1860 2672 con-

344 2705 525 2747 clusioni
551 2705 700 2746 datum
733 2705 789 2745 sit
821 2718 978 2745 nomen
1010 2703 1224 2759 ἐπίλογος,
1257 2719 1385 2759 quam
1417 2705 1465 2744 ut
1497 2701 1670 2744 exordio
1702 2716 1857 2742 nomen

343 2776 471 2816 fuerit
525 2775 770 2831 πρόλογοςῖ)
840 2775 972 2829 Atqui
1022 2775 1109 2816 iam
1161 2775 1346 2816 Lucilius
1398 2774 1507 2815 libro
1557 2771 1701 2813 XXIX
1751 2771 1861 2813 FPR

342 2861 382 2900 p.
412 2846 496 2887 225
528 2846 609 2888 hoc
647 2846 903 2889 uocabulum
942 2847 1002 2887 ita
1034 2849 1223 2888 uerterat
1259 2860 1384 2887 uersu
1416 2845 1491 2885 illo
1525 2841 1688 2884 ‘uerum
1721 2843 1859 2885 tristis
