2003 3116
377 198 432 238 (34
946 196 1312 230 PROLEGOMENA.

374 305 624 360 pronuntiet
674 317 764 344 sese
816 302 1131 351 Quintilianum
1183 301 1339 356 ‘prope
1390 302 1443 342 ad
1492 302 1692 344 uerbum'
1737 307 1893 358 tenere,

375 393 413 431 p.
440 376 523 416 266
563 374 798 414 ‘neminem
836 387 964 428 posse
1000 387 1138 427 neque
1177 372 1488 420 Quintilianum
1531 373 1770 429 intelligere
1810 375 1893 416 nisi

376 446 623 487 Ciceronem
657 444 817 498 optime
850 446 995 485 teneat
1027 458 1162 497 neque
1196 442 1443 485 Ciceronem
1475 444 1607 499 probe
1641 447 1778 500 sequi,
1810 446 1893 487 nisi

374 516 641 564 Quintiliano
679 505 867 569 pareat'‚
912 515 1005 569 quis
1052 515 1217 556 acutior
1260 514 1344 556 illis
1387 515 1653 569 temporibus
1698 516 1808 557 uixit
1853 520 1896 557 et

373 587 512 641 magis
545 600 692 641 sagax,
726 600 854 641 quarn
886 586 958 626 ille
991 585 1063 640 qui
1096 585 1369 626 donationem
1397 584 1669 628 Constantini
1702 588 1890 641 spurium

372 672 462 700 esse
495 672 602 712 opus
635 657 761 698 certis
795 657 1058 712 argumentis
1093 656 1478 698 demonstrauerit‘?
1523 656 1747 700 Praeterea
1779 659 1890 700 irato

373 729 515 771 animo
549 728 719 770 Vallam
755 728 889 770 fuisse
923 731 964 770 et
995 730 1217 782 tamquam
1251 728 1405 769 infesto
1440 728 1642 770 aduersus
1674 729 1806 771 libros
1841 730 1893 771 ad

370 799 472 842 Her.
504 802 732 855 propterea
764 799 875 854 quod
908 799 1062 840 Facius
1103 798 1354 853 saepissime
1392 799 1478 841 illis
1517 815 1618 841 usus
1657 804 1721 841 est
1756 801 1800 842 in
1832 802 1894 842 in-

370 872 551 914 uectiuis
592 872 680 914 suis
720 871 866 912 multis
905 871 1010 912 locis
1050 872 1244 925 apparet:
1295 870 1402 912 conf.
1441 887 1480 925 p.
1513 870 1595 912 587
1637 874 1739 913 extr.
1779 871 1892 926 ‘per-

372 944 508 985 mittit
535 958 604 984 ars
631 957 718 984 non
747 942 916 997 quidem
944 944 1027 983 ista
1053 942 1172 983 cuius
1198 942 1327 983 toties
1353 942 1459 982 mihi
1481 940 1718 997 ‘praecepta
1745 943 1893 984 decan-

370 1014 465 1069 tas’‚
497 1031 536 1070 p.
557 1014 661 1057 581:
695 1013 851 1055 ‘uerba
884 1012 1102 1055 Ciceronis
1137 1013 1188 1054 ad
1222 1013 1321 1054 Her.
1354 1014 1425 1068 qui
1456 1013 1556 1054 libri
1589 1017 1689 1055 sunt
1721 1014 1894 1055 deliciae

370 1085 500 1139 tuae'‚
531 1101 570 1140 p.
592 1086 697 1127 510:
730 1085 859 1139 “quos
893 1087 939 1126 tu
971 1084 1079 1126 mihi
1112 1085 1246 1126 libros
1279 1085 1332 1125 ab
1367 1086 1539 1126 auctore
1573 1099 1648 1126 suo
1680 1100 1767 1126 non
1800 1100 1894 1139 pro-

369 1159 493 1199 batos
532 1158 652 1198 uelut
691 1157 969 1198 scholasticos
1009 1156 1290 1197 scholasticus
1330 1156 1420 1210 ipse
1463 1171 1627 1210 semper
1658 1156 1820 1211 ingeris
1852 1159 1895 1197 et

373 1228 593 1283 inculcas⁹,
623 1244 662 1283 p.
684 1229 787 1270 588:
821 1227 1091 1282 epraesertim
1117 1242 1212 1269 cum
1237 1241 1453 1280 nunquam
1480 1227 1697 1268 disceditis
1725 1243 1748 1269 a
1774 1227 1894 1268 libris

370 1298 586 1341 Ciceronis
623 1300 674 1341 ad
707 1299 970 1340 Herennium
1010 1298 1199 1352 scriptis,
1238 1298 1308 1339 uix
1347 1301 1394 1339 ut
1431 1298 1523 1352 ipse
1563 1301 1686 1339 autor
1722 1298 1894 1351 fatetur,

371 1369 574 1412 Cicerone
602 1370 772 1426 dignis.²
824 1369 941 1418 Quae
968 1370 1101 1411 uerba
1128 1370 1297 1410 etiamsi
1323 1368 1497 1410 illorum
1530 1384 1637 1424 quae
1671 1369 1720 1410 de
1744 1369 1892 1411 Vallae

368 1441 524 1483 iudicio
558 1441 718 1497 Regius
761 1442 932 1496 scripsit
972 1441 1059 1482 sint
1098 1440 1339 1495 simillima,
1376 1443 1521 1481 tamen
1554 1455 1632 1496 ego
1665 1455 1800 1495 neque
1832 1441 1895 1482 ita

369 1514 558 1567 turpiter
590 1528 754 1554 errasse
782 1513 965 1569 Regium
993 1512 1118 1554 sicuti
1144 1515 1311 1553 ueteres
1339 1512 1410 1567 qui
1438 1512 1559 1552 illum
1585 1511 1894 1566 impugnarunt

368 1584 450 1625 uiri
489 1585 602 1626 docti
643 1585 843 1626 arbitrati
882 1587 982 1626 suut
1020 1599 1114 1626 cum
1153 1585 1195 1625 in
1224 1583 1378 1624 Vallae
1417 1583 1540 1624 libris
1572 1583 1680 1624 illud
1714 1583 1764 1624 de
1796 1582 1889 1624 rhe-

369 1656 505 1697 torica
538 1656 590 1697 ad
623 1655 723 1697 Her.
755 1656 957 1698 iudicium
989 1671 1076 1697 non
1108 1656 1353 1696 inuenerint
1392 1669 1529 1709 neque
1563 1656 1764 1708 quattuor
1795 1654 1891 1695 illos

368 1727 502 1768 libros
543 1727 832 1781 amplissimos
872 1727 916 1768 in
948 1727 1122 1768 Facium
1161 1727 1340 1768 libellum
1378 1726 1596 1781 appellare
1636 1726 1772 1766 ausim
1807 1728 1891 1766 sta-

368 1802 506 1839 tuere:
558 1799 670 1854 quod
714 1798 973 1840 uocabulum
1018 1798 1154 1839 multo
1199 1798 1336 1852 magis
1380 1797 1549 1838 uidetur
1592 1797 1768 1838 innuere
1819 1801 1894 1837 aut

370 1870 636 1925 deperditum
675 1871 798 1911 illum
839 1885 965 1924 quem
997 1869 1123 1911 Valla
1162 1870 1226 1910 bis
1261 1870 1284 1910 l.
1319 1884 1349 1910 s,
1384 1885 1415 1910 s.
1455 1870 1582 1910 uocat
1620 1867 1800 1909 libellum
1842 1867 1891 1908 de

370 1945 459 1983 arte
491 1942 705 1984 rhetorica
738 1942 790 1983 ad
824 1941 923 1983 Her.
955 1956 980 1982 a
1012 1956 1055 1982 se
1088 1940 1374 1995 compositum
1412 1943 1486 1980 aut
1518 1940 1648 1981 alium
1681 1939 1890 1993 quendam

369 2014 486 2054 cuius
520 2013 724 2054 memoria
757 2013 810 2054 ad
842 2027 919 2054 nos
953 2013 1126 2054 omnino
1159 2026 1245 2053 non
1277 2012 1529 2066 peruenerit.

487 2084 644 2139 Ingens
684 2088 825 2125 autem
864 2084 940 2125 illa
972 2084 1099 2139 Regii
1132 2084 1426 2138 disputatione
1465 2079 1577 2124 inte'r
1616 2082 1762 2124 doctos
1796 2085 1891 2124 orta

370 2158 434 2196 est
465 2155 519 2197 lis
553 2158 594 2196 et
626 2157 836 2197 tumultus
871 2155 943 2210 qui
982 2158 1056 2196 aut
1088 2155 1230 2196 Tullio
1271 2155 1490 2210 egregium
1531 2169 1636 2209 opus
1676 2154 1783 2208 eripi
1816 2169 1890 2207 per

369 2228 457 2268 uim
501 2230 778 2281 quererentur
828 2230 902 2268 aut
951 2227 1189 2282 principem
1241 2227 1499 2281 scriptorum
1546 2240 1672 2280 opere
1716 2225 1888 2266 nomine

369 2299 588 2352 praeclaro
628 2298 804 2353 indigno
844 2299 1018 2339 liberari
1057 2298 1334 2339 exsultarent.
1396 2296 1631 2338 Emunctae
1669 2296 1788 2337 naris
1821 2296 1891 2350 qui

370 2370 486 2410 fuere
518 2369 701 2424 Regium
741 2370 875 2411 secuti
914 2372 1013 2410 sunt
1054 2372 1353 2423 praeterquam
1399 2383 1507 2422 quae
1551 2368 1601 2409 de
1647 2367 1891 2408 auctoribus

370 2440 476 2482 satis
520 2440 815 2482 inconstanter
859 2440 1113 2495 disputauit:
1166 2441 1237 2493 qui
1284 2440 1594 2494 impugnarunt
1636 2439 1746 2479 nihil
1799 2439 1890 2479 sani

370 2511 642 2565 protulerunt
681 2512 795 2553 haud
828 2512 963 2553 doctis
997 2511 1120 2552 dictis
1158 2513 1371 2551 certantes
1404 2510 1475 2551 sed
1509 2510 1760 2550 maledictis.
1810 2508 1891 2549 Ve-

370 2583 451 2624 luti
491 2597 599 2637 quae
639 2582 758 2624 editt.
796 2583 1030 2637 impressae
1070 2584 1169 2622 sunt
1207 2580 1397 2622 Venetiis
1435 2580 1546 2621 1496
1587 2583 1629 2621 et
1666 2580 1778 2622 1500
1816 2595 1890 2633 per

369 2653 616 2709 Philippum
654 2654 848 2695 Pincium
885 2653 1169 2694 Mantuanum
1209 2653 1475 2694 continentes
1521 2652 1653 2693 libros
1697 2651 1748 2692 ad
1787 2650 1888 2691 Her.

370 2740 464 2766 cum
504 2724 821 2767 commentariis
862 2723 1081 2765 Francisci
1119 2722 1373 2765 Maturantii
1406 2722 1600 2764 Perusini
1638 2725 1680 2763 et
1712 2723 1888 2762 Antonii

370 2797 619 2838 Mancinelli
662 2799 705 2837 et
744 2797 794 2837 de
832 2796 917 2837 iun.
955 2811 1050 2838 cum
1082 2794 1294 2840 Victorini
1335 2794 1639 2848 explanatione
1680 2793 1888 2846 prooemii

370 2867 463 2908 loco
490 2867 652 2908 habent
678 2867 1014 2922 disputationem
1035 2866 1282 2907 Mancinelli
1311 2865 1532 2907 rhetoricen
1557 2865 1613 2906 ad
1630 2864 1888 2905 Herennium

370 2951 450 2978 esse
483 2937 686 2980 Ciceronis
725 2938 971 2979 disserentis
1011 2940 1079 2979 sat
1116 2938 1301 2978 tenuiter
1341 2939 1383 2977 et
1421 2936 1592 2991 frigide:
1634 2935 1704 2988 qui
1742 2937 1888 2976 tamen
