<?xml version="1.0" encoding="UTF-8"?>
<!DOCTYPE html PUBLIC "-//W3C//DTD XHTML 1.0 Transitional//EN"
    "http://www.w3.org/TR/xhtml1/DTD/xhtml1-transitional.dtd">
<html xmlns="http://www.w3.org/1999/xhtml" xml:lang="en" lang="en">
 <head>
  <title>
</title>
<meta http-equiv="Content-Type" content="text/html;charset=utf-8" />
  <meta name='ocr-system' content='tesseract 3.04.00' />
  <meta name='ocr-capabilities' content='ocr_page ocr_carea ocr_par ocr_line ocrx_word'/>
</head>
<body>
  <div class='ocr_page' id='page_1' title='image "./incertiauctorisd00marxuoft_0014.png"; bbox 0 0 2003 3116; ppageno 0'>
   <div class='ocr_carea' id='block_1_1' title="bbox 381 139 1332 176">
    <p class='ocr_par' dir='ltr' id='par_1_1' title="bbox 381 139 1332 176">
     <span class='ocr_line' id='line_1_1' title="bbox 381 139 1332 176; baseline -0.005 0"><span class='ocrx_word' id='word_1_1' title='bbox 381 143 429 176; x_wconf 92' lang='lat' dir='ltr'>VI</span> <span class='ocrx_word' id='word_1_2' title='bbox 1015 139 1256 172; x_wconf 86' lang='lat' dir='ltr'>ADDENDA.</span> <span class='ocrx_word' id='word_1_3' title='bbox 1327 147 1332 152; x_wconf 86' lang='lat'>&#39;</span> 
     </span>
    </p>
   </div>
   <div class='ocr_carea' id='block_1_2' title="bbox 372 241 1899 1802">
    <p class='ocr_par' dir='ltr' id='par_1_2' title="bbox 378 241 1893 340">
     <span class='ocr_line' id='line_1_2' title="bbox 496 241 1893 292; baseline -0.004 -10"><span class='ocrx_word' id='word_1_4' title='bbox 496 248 542 282; x_wconf 85' lang='lat' dir='ltr'>ad</span> <span class='ocrx_word' id='word_1_5' title='bbox 569 261 602 292; x_wconf 86' lang='lat' dir='ltr'>p.</span> <span class='ocrx_word' id='word_1_6' title='bbox 629 248 693 282; x_wconf 82' lang='lat'>39.</span> <span class='ocrx_word' id='word_1_7' title='bbox 719 246 788 280; x_wconf 82' lang='lat'>40:</span> <span class='ocrx_word' id='word_1_8' title='bbox 823 245 877 279; x_wconf 85' lang='lat' dir='ltr'>ita</span> <span class='ocrx_word' id='word_1_9' title='bbox 901 244 1004 284; x_wconf 83' lang='lat'>1113,</span> <span class='ocrx_word' id='word_1_10' title='bbox 1027 247 1046 278; x_wconf 87' lang='grc'><strong>6</strong></span> <span class='ocrx_word' id='word_1_11' title='bbox 1073 255 1108 287; x_wconf 88' lang='lat' dir='ltr'>p.</span> <span class='ocrx_word' id='word_1_12' title='bbox 1135 246 1215 285; x_wconf 86' lang='grc'>259,</span> <span class='ocrx_word' id='word_1_13' title='bbox 1240 245 1282 276; x_wconf 91' lang='lat'>18</span> <span class='ocrx_word' id='word_1_14' title='bbox 1308 246 1335 276; x_wconf 87' lang='lat' dir='ltr'><strong>E</strong></span> <span class='ocrx_word' id='word_1_15' title='bbox 1367 243 1403 276; x_wconf 90' lang='lat' dir='ltr'>in</span> <span class='ocrx_word' id='word_1_16' title='bbox 1430 241 1596 287; x_wconf 83' lang='lat' dir='ltr'>margine</span> <span class='ocrx_word' id='word_1_17' title='bbox 1628 243 1782 278; x_wconf 86' lang='lat' dir='ltr'>lacunae</span> <span class='ocrx_word' id='word_1_18' title='bbox 1809 255 1831 278; x_wconf 89' lang='lat' dir='ltr'>a</span> <span class='ocrx_word' id='word_1_19' title='bbox 1856 255 1893 277; x_wconf 91' lang='lat' dir='ltr'>se</span> 
     </span>
     <span class='ocr_line' id='line_1_3' title="bbox 378 288 1844 340; baseline -0.003 -10"><span class='ocrx_word' id='word_1_20' title='bbox 378 296 546 340; x_wconf 79' lang='lat' dir='ltr'>expletae</span> <span class='ocrx_word' id='word_1_21' title='bbox 574 293 701 329; x_wconf 85' lang='lat' dir='ltr'>omisit</span> <span class='ocrx_word' id='word_1_22' title='bbox 726 293 839 326; x_wconf 85' lang='lat' dir='ltr'>uerba</span> <span class='ocrx_word' id='word_1_23' title='bbox 864 292 1029 326; x_wconf 77' lang='lat' dir='ltr'>omnibus</span> <span class='ocrx_word' id='word_1_24' title='bbox 1053 291 1191 324; x_wconf 77' lang='lat' dir='ltr'>uerbis:</span> <span class='ocrx_word' id='word_1_25' title='bbox 1218 288 1313 324; x_wconf 86' lang='lat' dir='ltr'>conf.</span> <span class='ocrx_word' id='word_1_26' title='bbox 1335 293 1415 332; x_wconf 90' lang='grc'>241,</span> <span class='ocrx_word' id='word_1_27' title='bbox 1438 294 1491 324; x_wconf 89' lang='grc'>10.</span> <span class='ocrx_word' id='word_1_28' title='bbox 1518 292 1598 333; x_wconf 86' lang='grc'>305,</span> <span class='ocrx_word' id='word_1_29' title='bbox 1622 294 1674 324; x_wconf 92' lang='grc'>17.</span> <span class='ocrx_word' id='word_1_30' title='bbox 1701 294 1780 334; x_wconf 85' lang='grc'>373,</span> <span class='ocrx_word' id='word_1_31' title='bbox 1802 294 1844 325; x_wconf 87' lang='grc'>21</span> 
     </span>
    </p>

    <p class='ocr_par' dir='ltr' id='par_1_3' title="bbox 376 336 1896 524">
     <span class='ocr_line' id='line_1_4' title="bbox 495 336 1893 385; baseline -0.002 -10"><span class='ocrx_word' id='word_1_32' title='bbox 495 342 540 375; x_wconf 89' lang='lat' dir='ltr'>ad</span> <span class='ocrx_word' id='word_1_33' title='bbox 560 353 594 385; x_wconf 90' lang='lat' dir='ltr'>p.</span> <span class='ocrx_word' id='word_1_34' title='bbox 614 340 665 374; x_wconf 80' lang='lat'>42</span> <span class='ocrx_word' id='word_1_35' title='bbox 687 338 865 374; x_wconf 82' lang='lat' dir='ltr'>mediam:</span> <span class='ocrx_word' id='word_1_36' title='bbox 886 339 927 372; x_wconf 89' lang='lat' dir='ltr'>In</span> <span class='ocrx_word' id='word_1_37' title='bbox 948 336 1286 382; x_wconf 86' lang='lat' dir='ltr'>praepositionibus</span> <span class='ocrx_word' id='word_1_38' title='bbox 1306 336 1503 371; x_wconf 87' lang='lat' dir='ltr'>uerborum</span> <span class='ocrx_word' id='word_1_39' title='bbox 1524 337 1812 381; x_wconf 87' lang='lat' dir='ltr'>compositorum</span> <span class='ocrx_word' id='word_1_40' title='bbox 1833 337 1893 372; x_wconf 88' lang='lat' dir='ltr'>uel</span> 
     </span>
     <span class='ocr_line' id='line_1_5' title="bbox 377 383 1896 433; baseline -0.003 -11"><span class='ocrx_word' id='word_1_41' title='bbox 377 388 538 433; x_wconf 85' lang='lat' dir='ltr'>optimos</span> <span class='ocrx_word' id='word_1_42' title='bbox 577 386 636 421; x_wconf 88' lang='lat' dir='ltr'>uel</span> <span class='ocrx_word' id='word_1_43' title='bbox 677 397 804 420; x_wconf 86' lang='lat' dir='ltr'>omnes</span> <span class='ocrx_word' id='word_1_44' title='bbox 844 384 938 419; x_wconf 86' lang='lat' dir='ltr'>codd</span> <span class='ocrx_word' id='word_1_45' title='bbox 978 384 1096 419; x_wconf 89' lang='lat' dir='ltr'>secuti</span> <span class='ocrx_word' id='word_1_46' title='bbox 1131 396 1265 419; x_wconf 87' lang='lat' dir='ltr'>sumus.</span> <span class='ocrx_word' id='word_1_47' title='bbox 1323 383 1556 428; x_wconf 81' lang='lat' dir='ltr'>Archetypus</span> <span class='ocrx_word' id='word_1_48' title='bbox 1590 394 1733 428; x_wconf 85' lang='lat' dir='ltr'>semper</span> <span class='ocrx_word' id='word_1_49' title='bbox 1765 384 1896 419; x_wconf 85' lang='lat' dir='ltr'>habuit</span> 
     </span>
     <span class='ocr_line' id='line_1_6' title="bbox 376 430 1894 477; baseline -0.002 -8"><span class='ocrx_word' id='word_1_50' title='bbox 376 437 527 470; x_wconf 74' lang='lat' dir='ltr'>allatum</span> <span class='ocrx_word' id='word_1_51' title='bbox 554 433 660 477; x_wconf 69' lang='lat' dir='ltr'>offuit</span> <span class='ocrx_word' id='word_1_52' title='bbox 685 434 888 476; x_wconf 78' lang='lat' dir='ltr'>offuturum</span> <span class='ocrx_word' id='word_1_53' title='bbox 913 430 1016 466; x_wconf 88' lang='lat' dir='ltr'>cuius</span> <span class='ocrx_word' id='word_1_54' title='bbox 1043 430 1267 476; x_wconf 78' lang='lat' dir='ltr'><strong>scripturam</strong></span> <span class='ocrx_word' id='word_1_55' title='bbox 1295 442 1382 465; x_wconf 90' lang='lat' dir='ltr'>num</span> <span class='ocrx_word' id='word_1_56' title='bbox 1404 442 1673 475; x_wconf 83' lang='lat' dir='ltr'>consequamur</span> <span class='ocrx_word' id='word_1_57' title='bbox 1692 431 1894 466; x_wconf 87' lang='lat' dir='ltr'>scribentes</span> 
     </span>
     <span class='ocr_line' id='line_1_7' title="bbox 377 478 1636 524; baseline -0.003 -8"><span class='ocrx_word' id='word_1_58' title='bbox 377 482 554 516; x_wconf 77' lang='lat' dir='ltr'>adsiduus</span> <span class='ocrx_word' id='word_1_59' title='bbox 580 483 759 524; x_wconf 72' lang='lat' dir='ltr'>conparat</span> <span class='ocrx_word' id='word_1_60' title='bbox 785 478 923 514; x_wconf 83' lang='lat' dir='ltr'>similia</span> <span class='ocrx_word' id='word_1_61' title='bbox 948 490 1030 513; x_wconf 91' lang='lat' dir='ltr'>cum</span> <span class='ocrx_word' id='word_1_62' title='bbox 1058 479 1125 513; x_wconf 84' lang='grc' dir='ltr'>ΗΡ</span> <span class='ocrx_word' id='word_1_63' title='bbox 1150 478 1437 513; x_wconf 86' lang='lat' dir='ltr'>incertissimum</span> <span class='ocrx_word' id='word_1_64' title='bbox 1466 489 1552 513; x_wconf 86' lang='lat' dir='ltr'>sane</span> <span class='ocrx_word' id='word_1_65' title='bbox 1579 478 1636 513; x_wconf 85' lang='lat' dir='ltr'>est</span> 
     </span>
    </p>

    <p class='ocr_par' dir='ltr' id='par_1_4' title="bbox 374 525 1895 666">
     <span class='ocr_line' id='line_1_8' title="bbox 495 525 1895 571; baseline -0.001 -10"><span class='ocrx_word' id='word_1_66' title='bbox 495 527 543 561; x_wconf 89' lang='lat' dir='ltr'>ad</span> <span class='ocrx_word' id='word_1_67' title='bbox 569 539 603 571; x_wconf 90' lang='lat' dir='ltr'>p.</span> <span class='ocrx_word' id='word_1_68' title='bbox 630 526 680 561; x_wconf 80' lang='lat'>44</span> <span class='ocrx_word' id='word_1_69' title='bbox 705 526 882 562; x_wconf 87' lang='lat' dir='ltr'>mediam:</span> <span class='ocrx_word' id='word_1_70' title='bbox 910 527 977 561; x_wconf 89' lang='lat' dir='ltr'>cod</span> <span class='ocrx_word' id='word_1_71' title='bbox 1005 527 1032 561; x_wconf 87' lang='grc' dir='ltr'>Β</span> <span class='ocrx_word' id='word_1_72' title='bbox 1058 526 1122 561; x_wconf 91' lang='lat' dir='ltr'>ubi</span> <span class='ocrx_word' id='word_1_73' title='bbox 1147 525 1254 570; x_wconf 81' lang='lat' dir='ltr'>plura</span> <span class='ocrx_word' id='word_1_74' title='bbox 1279 525 1394 561; x_wconf 89' lang='lat' dir='ltr'>habet</span> <span class='ocrx_word' id='word_1_75' title='bbox 1420 536 1531 571; x_wconf 90' lang='lat' dir='ltr'>quam</span> <span class='ocrx_word' id='word_1_76' title='bbox 1552 525 1622 559; x_wconf 87' lang='grc' dir='ltr'>ΗΡ</span> <span class='ocrx_word' id='word_1_77' title='bbox 1642 536 1725 560; x_wconf 87' lang='lat' dir='ltr'>raro</span> <span class='ocrx_word' id='word_1_78' title='bbox 1751 525 1895 560; x_wconf 89' lang='lat' dir='ltr'>librarii</span> 
     </span>
     <span class='ocr_line' id='line_1_9' title="bbox 375 572 1893 619; baseline -0.001 -10"><span class='ocrx_word' id='word_1_79' title='bbox 375 573 591 619; x_wconf 75' lang='lat' dir='ltr'>diligentiae</span> <span class='ocrx_word' id='word_1_80' title='bbox 616 574 655 609; x_wconf 88' lang='lat' dir='ltr'>in</span> <span class='ocrx_word' id='word_1_81' title='bbox 680 576 872 619; x_wconf 86' lang='lat' dir='ltr'>acceptum</span> <span class='ocrx_word' id='word_1_82' title='bbox 899 573 1131 609; x_wconf 86' lang='lat' dir='ltr'>referendum</span> <span class='ocrx_word' id='word_1_83' title='bbox 1157 576 1213 608; x_wconf 87' lang='lat' dir='ltr'>est</span> <span class='ocrx_word' id='word_1_84' title='bbox 1238 572 1357 608; x_wconf 87' lang='lat' dir='ltr'>ueluti</span> <span class='ocrx_word' id='word_1_85' title='bbox 1379 586 1412 618; x_wconf 89' lang='lat' dir='ltr'>p.</span> <span class='ocrx_word' id='word_1_86' title='bbox 1435 577 1515 617; x_wconf 85' lang='grc'>250,</span> <span class='ocrx_word' id='word_1_87' title='bbox 1536 576 1599 608; x_wconf 82' lang='grc' dir='ltr'>2οε</span> <span class='ocrx_word' id='word_1_88' title='bbox 1627 583 1893 617; x_wconf 82' lang='lat' dir='ltr'>saepenumero</span> 
     </span>
     <span class='ocr_line' id='line_1_10' title="bbox 374 619 1435 666; baseline -0.001 -10"><span class='ocrx_word' id='word_1_89' title='bbox 374 623 439 657; x_wconf 89' lang='lat' dir='ltr'>ille</span> <span class='ocrx_word' id='word_1_90' title='bbox 465 632 611 666; x_wconf 90' lang='lat' dir='ltr'>quoque</span> <span class='ocrx_word' id='word_1_91' title='bbox 637 620 944 666; x_wconf 87' lang='lat' dir='ltr'>interpolationes</span> <span class='ocrx_word' id='word_1_92' title='bbox 970 621 1111 666; x_wconf 89' lang='lat' dir='ltr'>recepit</span> <span class='ocrx_word' id='word_1_93' title='bbox 1135 619 1435 665; x_wconf 86' lang='lat' dir='ltr'>Karolingiorum</span> 
     </span>
    </p>

    <p class='ocr_par' dir='ltr' id='par_1_5' title="bbox 373 667 1894 853">
     <span class='ocr_line' id='line_1_11' title="bbox 493 667 1894 713; baseline 0 -11"><span class='ocrx_word' id='word_1_94' title='bbox 493 669 540 703; x_wconf 88' lang='lat' dir='ltr'>ad</span> <span class='ocrx_word' id='word_1_95' title='bbox 564 681 600 713; x_wconf 87' lang='lat' dir='ltr'>p.</span> <span class='ocrx_word' id='word_1_96' title='bbox 626 669 674 704; x_wconf 82' lang='lat'>51</span> <span class='ocrx_word' id='word_1_97' title='bbox 701 669 885 703; x_wconf 84' lang='lat' dir='ltr'>infimam:</span> <span class='ocrx_word' id='word_1_98' title='bbox 918 668 1013 704; x_wconf 89' lang='lat' dir='ltr'>libro</span> <span class='ocrx_word' id='word_1_99' title='bbox 1046 668 1192 712; x_wconf 82' lang='lat' dir='ltr'>expleto</span> <span class='ocrx_word' id='word_1_100' title='bbox 1225 669 1385 712; x_wconf 88' lang='lat' dir='ltr'>quodam</span> <span class='ocrx_word' id='word_1_101' title='bbox 1416 679 1503 702; x_wconf 88' lang='lat' dir='ltr'>usus</span> <span class='ocrx_word' id='word_1_102' title='bbox 1535 669 1592 702; x_wconf 87' lang='lat' dir='ltr'>est</span> <span class='ocrx_word' id='word_1_103' title='bbox 1617 667 1773 702; x_wconf 80' lang='lat' dir='ltr'>exeunte</span> <span class='ocrx_word' id='word_1_104' title='bbox 1800 677 1894 702; x_wconf 83' lang='lat' dir='ltr'>saee.</span> 
     </span>
     <span class='ocr_line' id='line_1_12' title="bbox 373 714 1893 760; baseline -0.001 -11"><span class='ocrx_word' id='word_1_105' title='bbox 373 715 441 749; x_wconf 88' lang='lat' dir='ltr'>XII</span> <span class='ocrx_word' id='word_1_106' title='bbox 472 714 612 750; x_wconf 87' lang='lat' dir='ltr'>Alanus</span> <span class='ocrx_word' id='word_1_107' title='bbox 650 717 696 751; x_wconf 87' lang='lat' dir='ltr'>ab</span> <span class='ocrx_word' id='word_1_108' title='bbox 729 715 861 750; x_wconf 85' lang='lat' dir='ltr'>Insulis</span> <span class='ocrx_word' id='word_1_109' title='bbox 900 726 1008 760; x_wconf 85' lang='lat' dir='ltr'>quem</span> <span class='ocrx_word' id='word_1_110' title='bbox 1042 715 1347 750; x_wconf 88' lang='lat' dir='ltr'>commentarium</span> <span class='ocrx_word' id='word_1_111' title='bbox 1385 715 1422 748; x_wconf 88' lang='lat' dir='ltr'>in</span> <span class='ocrx_word' id='word_1_112' title='bbox 1454 714 1569 750; x_wconf 84' lang='lat' dir='ltr'>libros</span> <span class='ocrx_word' id='word_1_113' title='bbox 1600 715 1647 748; x_wconf 89' lang='lat' dir='ltr'>ad</span> <span class='ocrx_word' id='word_1_114' title='bbox 1678 714 1763 749; x_wconf 88' lang='lat' dir='ltr'>Her.</span> <span class='ocrx_word' id='word_1_115' title='bbox 1796 725 1893 750; x_wconf 86' lang='lat' dir='ltr'>com-</span> 
     </span>
     <span class='ocr_line' id='line_1_13' title="bbox 373 761 1894 808; baseline -0.001 -11"><span class='ocrx_word' id='word_1_116' title='bbox 373 762 541 808; x_wconf 83' lang='lat' dir='ltr'>posuisse</span> <span class='ocrx_word' id='word_1_117' title='bbox 585 774 644 798; x_wconf 90' lang='lat' dir='ltr'>me</span> <span class='ocrx_word' id='word_1_118' title='bbox 689 763 815 798; x_wconf 85' lang='lat' dir='ltr'>docuit</span> <span class='ocrx_word' id='word_1_119' title='bbox 852 761 1020 797; x_wconf 85' lang='lat' dir='ltr'>Clemens</span> <span class='ocrx_word' id='word_1_120' title='bbox 1058 762 1266 797; x_wconf 80' lang='lat' dir='ltr'>Baeumker</span> <span class='ocrx_word' id='word_1_121' title='bbox 1310 763 1456 806; x_wconf 77' lang='lat' dir='ltr'>collega</span> <span class='ocrx_word' id='word_1_122' title='bbox 1497 762 1741 806; x_wconf 85' lang='lat' dir='ltr'>philosophus</span> <span class='ocrx_word' id='word_1_123' title='bbox 1784 762 1894 805; x_wconf 87' lang='lat' dir='ltr'>(conf.</span> 
     </span>
     <span class='ocr_line' id='line_1_14' title="bbox 375 808 1894 853; baseline -0.002 -8"><span class='ocrx_word' id='word_1_124' title='bbox 375 810 535 845; x_wconf 90' lang='lat' dir='ltr'>Bandini</span> <span class='ocrx_word' id='word_1_125' title='bbox 561 811 670 846; x_wconf 84' lang='lat' dir='ltr'>catal.</span> <span class='ocrx_word' id='word_1_126' title='bbox 699 811 804 846; x_wconf 89' lang='lat' dir='ltr'>codd.</span> <span class='ocrx_word' id='word_1_127' title='bbox 833 811 931 845; x_wconf 85' lang='lat' dir='ltr'>Latt.</span> <span class='ocrx_word' id='word_1_128' title='bbox 957 810 1046 845; x_wconf 91' lang='lat' dir='ltr'>bibl.</span> <span class='ocrx_word' id='word_1_129' title='bbox 1074 810 1169 844; x_wconf 91' lang='lat' dir='ltr'>Med.</span> <span class='ocrx_word' id='word_1_130' title='bbox 1192 810 1300 844; x_wconf 87' lang='lat' dir='ltr'>Laur.</span> <span class='ocrx_word' id='word_1_131' title='bbox 1338 810 1412 844; x_wconf 91' lang='lat' dir='ltr'>uol.</span> <span class='ocrx_word' id='word_1_132' title='bbox 1433 808 1482 843; x_wconf 89' lang='lat' dir='ltr'>III</span> <span class='ocrx_word' id='word_1_133' title='bbox 1503 808 1664 843; x_wconf 85' lang='lat' dir='ltr'>Florent.</span> <span class='ocrx_word' id='word_1_134' title='bbox 1687 812 1776 844; x_wconf 88' lang='grc'>1776</span> <span class='ocrx_word' id='word_1_135' title='bbox 1802 820 1836 853; x_wconf 88' lang='lat' dir='ltr'>p.</span> <span class='ocrx_word' id='word_1_136' title='bbox 1861 812 1894 852; x_wconf 90' lang='lat'>1)</span> 
     </span>
    </p>

    <p class='ocr_par' dir='ltr' id='par_1_6' title="bbox 373 856 1893 950">
     <span class='ocr_line' id='line_1_15' title="bbox 490 856 1893 903; baseline -0.001 -11"><span class='ocrx_word' id='word_1_137' title='bbox 490 858 537 892; x_wconf 90' lang='lat' dir='ltr'>ad</span> <span class='ocrx_word' id='word_1_138' title='bbox 561 870 596 903; x_wconf 87' lang='lat' dir='ltr'>p.</span> <span class='ocrx_word' id='word_1_139' title='bbox 623 858 672 893; x_wconf 84' lang='lat'>53</span> <span class='ocrx_word' id='word_1_140' title='bbox 704 858 880 893; x_wconf 86' lang='lat' dir='ltr'>mediam:</span> <span class='ocrx_word' id='word_1_141' title='bbox 914 857 1009 893; x_wconf 90' lang='lat' dir='ltr'>conf.</span> <span class='ocrx_word' id='word_1_142' title='bbox 1037 857 1064 890; x_wconf 91' lang='lat' dir='ltr'>P</span> <span class='ocrx_word' id='word_1_143' title='bbox 1091 857 1134 891; x_wconf 88' lang='lat' dir='ltr'>de</span> <span class='ocrx_word' id='word_1_144' title='bbox 1162 856 1307 891; x_wconf 88' lang='lat' dir='ltr'>Nolhac</span> <span class='ocrx_word' id='word_1_145' title='bbox 1333 856 1538 900; x_wconf 77' lang='lat' dir='ltr'>Petrarque</span> <span class='ocrx_word' id='word_1_146' title='bbox 1571 857 1609 890; x_wconf 88' lang='lat' dir='ltr'>et</span> <span class='ocrx_word' id='word_1_147' title='bbox 1635 856 1893 891; x_wconf 87' lang='lat' dir='ltr'>l&#39;humanisme</span> 
     </span>
     <span class='ocr_line' id='line_1_16' title="bbox 373 909 504 950; baseline -0.008 -10"><span class='ocrx_word' id='word_1_148' title='bbox 373 916 408 950; x_wconf 90' lang='lat' dir='ltr'>p.</span> <span class='ocrx_word' id='word_1_149' title='bbox 439 909 504 940; x_wconf 84' lang='grc'>192</span> 
     </span>
    </p>

    <p class='ocr_par' dir='ltr' id='par_1_7' title="bbox 373 949 1899 1138">
     <span class='ocr_line' id='line_1_17' title="bbox 491 949 1897 997; baseline -0.002 -10"><span class='ocrx_word' id='word_1_150' title='bbox 491 953 539 987; x_wconf 85' lang='lat' dir='ltr'>ad</span> <span class='ocrx_word' id='word_1_151' title='bbox 558 965 593 997; x_wconf 88' lang='lat' dir='ltr'>p.</span> <span class='ocrx_word' id='word_1_152' title='bbox 614 952 660 987; x_wconf 80' lang='lat'>97</span> <span class='ocrx_word' id='word_1_153' title='bbox 683 952 865 987; x_wconf 87' lang='lat' dir='ltr'>infimam:</span> <span class='ocrx_word' id='word_1_154' title='bbox 887 952 1001 987; x_wconf 86' lang='lat' dir='ltr'>satius</span> <span class='ocrx_word' id='word_1_155' title='bbox 1022 952 1102 987; x_wconf 87' lang='lat' dir='ltr'>erat</span> <span class='ocrx_word' id='word_1_156' title='bbox 1121 951 1243 986; x_wconf 86' lang='lat' dir='ltr'>dicere</span> <span class='ocrx_word' id='word_1_157' title='bbox 1262 962 1398 986; x_wconf 90' lang='lat' dir='ltr'>nomen</span> <span class='ocrx_word' id='word_1_158' title='bbox 1418 954 1484 985; x_wconf 75' lang='lat' dir='ltr'>aut</span> <span class='ocrx_word' id='word_1_159' title='bbox 1502 949 1726 985; x_wconf 88' lang='lat' dir='ltr'>uocabulum</span> <span class='ocrx_word' id='word_1_160' title='bbox 1748 949 1897 995; x_wconf 85' lang='lat' dir='ltr'>similia,</span> 
     </span>
     <span class='ocr_line' id='line_1_18' title="bbox 373 998 1895 1044; baseline -0.001 -10"><span class='ocrx_word' id='word_1_161' title='bbox 373 999 464 1043; x_wconf 88' lang='lat' dir='ltr'>quia</span> <span class='ocrx_word' id='word_1_162' title='bbox 494 1000 557 1034; x_wconf 86' lang='lat' dir='ltr'>ubi</span> <span class='ocrx_word' id='word_1_163' title='bbox 589 1012 655 1044; x_wconf 91' lang='lat' dir='ltr'>pro</span> <span class='ocrx_word' id='word_1_164' title='bbox 688 1004 753 1035; x_wconf 75' lang='lat' dir='ltr'>aut</span> <span class='ocrx_word' id='word_1_165' title='bbox 784 1004 816 1035; x_wconf 75' lang='lat' dir='ltr'>et</span> <span class='ocrx_word' id='word_1_166' title='bbox 848 999 998 1044; x_wconf 83' lang='lat' dir='ltr'>ponitur</span> <span class='ocrx_word' id='word_1_167' title='bbox 1029 999 1091 1042; x_wconf 93' lang='lat' dir='ltr'>(IV</span> <span class='ocrx_word' id='word_1_168' title='bbox 1113 1003 1168 1042; x_wconf 84' lang='lat'>34,</span> <span class='ocrx_word' id='word_1_169' title='bbox 1191 1002 1235 1034; x_wconf 85' lang='lat'>45</span> <span class='ocrx_word' id='word_1_170' title='bbox 1267 998 1405 1033; x_wconf 88' lang='lat' dir='ltr'>nullius</span> <span class='ocrx_word' id='word_1_171' title='bbox 1438 1009 1582 1033; x_wconf 88' lang='lat' dir='ltr'>maeror</span> <span class='ocrx_word' id='word_1_172' title='bbox 1614 1000 1652 1032; x_wconf 91' lang='lat' dir='ltr'>et</span> <span class='ocrx_word' id='word_1_173' title='bbox 1683 998 1895 1032; x_wconf 83' lang='lat' dir='ltr'>calamitas:</span> 
     </span>
     <span class='ocr_line' id='line_1_19' title="bbox 375 1045 1899 1091; baseline -0.001 -10"><span class='ocrx_word' id='word_1_174' title='bbox 375 1047 470 1081; x_wconf 88' lang='lat' dir='ltr'>conf.</span> <span class='ocrx_word' id='word_1_175' title='bbox 503 1046 538 1081; x_wconf 89' lang='grc' dir='ltr'>Π</span> <span class='ocrx_word' id='word_1_176' title='bbox 564 1051 625 1090; x_wconf 78' lang='lat'>30,</span> <span class='ocrx_word' id='word_1_177' title='bbox 640 1051 684 1082; x_wconf 83' lang='lat'>49</span> <span class='ocrx_word' id='word_1_178' title='bbox 722 1047 864 1082; x_wconf 86' lang='lat' dir='ltr'>nullam</span> <span class='ocrx_word' id='word_1_179' title='bbox 903 1045 1179 1082; x_wconf 80' lang='lat' dir='ltr'>excusationem</span> <span class='ocrx_word' id='word_1_180' title='bbox 1205 1073 1213 1081; x_wconf 95' lang='lat'>.</span> <span class='ocrx_word' id='word_1_181' title='bbox 1235 1074 1242 1081; x_wconf 94' lang='lat'>.</span> <span class='ocrx_word' id='word_1_182' title='bbox 1265 1074 1272 1081; x_wconf 92' lang='lat'>.</span> <span class='ocrx_word' id='word_1_183' title='bbox 1300 1047 1338 1081; x_wconf 89' lang='lat' dir='ltr'>et</span> <span class='ocrx_word' id='word_1_184' title='bbox 1369 1045 1684 1091; x_wconf 72' lang='lat' dir='ltr'>deprecationem)</span> <span class='ocrx_word' id='word_1_185' title='bbox 1726 1045 1797 1080; x_wconf 86' lang='lat' dir='ltr'>duo</span> <span class='ocrx_word' id='word_1_186' title='bbox 1832 1045 1899 1080; x_wconf 89' lang='lat' dir='ltr'>illa</span> 
     </span>
     <span class='ocr_line' id='line_1_20' title="bbox 375 1091 1653 1138; baseline -0.002 -10"><span class='ocrx_word' id='word_1_187' title='bbox 375 1093 610 1129; x_wconf 86' lang='lat' dir='ltr'>substantiua</span> <span class='ocrx_word' id='word_1_188' title='bbox 634 1107 707 1128; x_wconf 92' lang='lat' dir='ltr'>non</span> <span class='ocrx_word' id='word_1_189' title='bbox 736 1096 820 1129; x_wconf 78' lang='lat' dir='ltr'>sunt</span> <span class='ocrx_word' id='word_1_190' title='bbox 846 1093 1013 1129; x_wconf 90' lang='lat' dir='ltr'>diuersae</span> <span class='ocrx_word' id='word_1_191' title='bbox 1040 1095 1103 1129; x_wconf 90' lang='lat' dir='ltr'>sed</span> <span class='ocrx_word' id='word_1_192' title='bbox 1130 1093 1342 1128; x_wconf 89' lang='lat' dir='ltr'>simillimae</span> <span class='ocrx_word' id='word_1_193' title='bbox 1370 1091 1653 1138; x_wconf 82' lang='lat' dir='ltr'>significationis</span> 
     </span>
    </p>

    <p class='ocr_par' dir='ltr' id='par_1_8' title="bbox 374 1139 1897 1233">
     <span class='ocr_line' id='line_1_21' title="bbox 492 1139 1897 1187; baseline -0.002 -11"><span class='ocrx_word' id='word_1_194' title='bbox 492 1142 539 1176; x_wconf 89' lang='lat' dir='ltr'>ad</span> <span class='ocrx_word' id='word_1_195' title='bbox 564 1154 599 1187; x_wconf 88' lang='lat' dir='ltr'>p.</span> <span class='ocrx_word' id='word_1_196' title='bbox 622 1142 695 1177; x_wconf 77' lang='lat'>102</span> <span class='ocrx_word' id='word_1_197' title='bbox 722 1142 904 1177; x_wconf 89' lang='lat' dir='ltr'>infimam:</span> <span class='ocrx_word' id='word_1_198' title='bbox 932 1142 978 1176; x_wconf 92' lang='lat' dir='ltr'>M.</span> <span class='ocrx_word' id='word_1_199' title='bbox 1000 1141 1205 1176; x_wconf 84' lang='lat' dir='ltr'>Varronem</span> <span class='ocrx_word' id='word_1_200' title='bbox 1231 1140 1268 1175; x_wconf 90' lang='lat' dir='ltr'>in</span> <span class='ocrx_word' id='word_1_201' title='bbox 1289 1141 1494 1185; x_wconf 79' lang='lat' dir='ltr'>Menippeis</span> <span class='ocrx_word' id='word_1_202' title='bbox 1520 1139 1736 1185; x_wconf 83' lang='lat' dir='ltr'>saepissime</span> <span class='ocrx_word' id='word_1_203' title='bbox 1764 1139 1897 1174; x_wconf 88' lang='lat' dir='ltr'>dilem-</span> 
     </span>
     <span class='ocr_line' id='line_1_22' title="bbox 374 1188 1112 1233; baseline 0.001 -11"><span class='ocrx_word' id='word_1_204' title='bbox 374 1190 477 1223; x_wconf 85' lang='lat' dir='ltr'>mata</span> <span class='ocrx_word' id='word_1_205' title='bbox 503 1188 666 1233; x_wconf 86' lang='lat' dir='ltr'>posuisse</span> <span class='ocrx_word' id='word_1_206' title='bbox 691 1190 878 1224; x_wconf 85' lang='lat' dir='ltr'>testantur</span> <span class='ocrx_word' id='word_1_207' title='bbox 902 1189 1112 1233; x_wconf 84' lang='lat' dir='ltr'>fragmenta</span> 
     </span>
    </p>

    <p class='ocr_par' dir='ltr' id='par_1_9' title="bbox 372 1235 1896 1565">
     <span class='ocr_line' id='line_1_23' title="bbox 492 1235 1896 1281; baseline -0.001 -11"><span class='ocrx_word' id='word_1_208' title='bbox 492 1237 540 1270; x_wconf 87' lang='lat' dir='ltr'>ad</span> <span class='ocrx_word' id='word_1_209' title='bbox 567 1249 600 1281; x_wconf 93' lang='lat' dir='ltr'>p.</span> <span class='ocrx_word' id='word_1_210' title='bbox 629 1236 702 1271; x_wconf 81' lang='grc'>115</span> <span class='ocrx_word' id='word_1_211' title='bbox 735 1248 934 1271; x_wconf 86' lang='lat' dir='ltr'>summam:</span> <span class='ocrx_word' id='word_1_212' title='bbox 968 1237 1111 1281; x_wconf 88' lang='lat' dir='ltr'>Nempe</span> <span class='ocrx_word' id='word_1_213' title='bbox 1144 1235 1207 1280; x_wconf 87' lang='lat' dir='ltr'>qui</span> <span class='ocrx_word' id='word_1_214' title='bbox 1234 1235 1373 1270; x_wconf 84' lang='lat' dir='ltr'>Graece</span> <span class='ocrx_word' id='word_1_215' title='bbox 1407 1235 1575 1270; x_wconf 74' lang='lat' dir='ltr'>sciebant</span> <span class='ocrx_word' id='word_1_216' title='bbox 1599 1237 1790 1270; x_wconf 76' lang='lat' dir='ltr'>auctorem</span> <span class='ocrx_word' id='word_1_217' title='bbox 1815 1247 1896 1279; x_wconf 86' lang='lat' dir='ltr'>pro·</span> 
     </span>
     <span class='ocr_line' id='line_1_24' title="bbox 376 1282 1891 1327; baseline -0.001 -9"><span class='ocrx_word' id='word_1_218' title='bbox 376 1282 488 1318; x_wconf 90' lang='lat' dir='ltr'>oemii</span> <span class='ocrx_word' id='word_1_219' title='bbox 514 1283 614 1317; x_wconf 87' lang='lat' dir='ltr'>illius</span> <span class='ocrx_word' id='word_1_220' title='bbox 642 1283 727 1318; x_wconf 88' lang='lat' dir='ltr'>libri</span> <span class='ocrx_word' id='word_1_221' title='bbox 747 1283 797 1318; x_wconf 90' lang='lat' dir='ltr'>1V</span> <span class='ocrx_word' id='word_1_222' title='bbox 822 1284 1003 1319; x_wconf 87' lang='lat' dir='ltr'>ridebant.</span> <span class='ocrx_word' id='word_1_223' title='bbox 1045 1283 1108 1318; x_wconf 69' lang='lat' dir='ltr'>‘Et</span> <span class='ocrx_word' id='word_1_224' title='bbox 1133 1283 1291 1318; x_wconf 87' lang='lat' dir='ltr'>mendax</span> <span class='ocrx_word' id='word_1_225' title='bbox 1312 1293 1349 1317; x_wconf 88' lang='lat' dir='ltr'>es</span> <span class='ocrx_word' id='word_1_226' title='bbox 1370 1283 1408 1317; x_wconf 85' lang='lat' dir='ltr'>et</span> <span class='ocrx_word' id='word_1_227' title='bbox 1427 1283 1695 1327; x_wconf 80' lang='lat' dir='ltr'>tergiuersator</span> <span class='ocrx_word' id='word_1_228' title='bbox 1715 1284 1752 1316; x_wconf 90' lang='lat' dir='ltr'>et</span> <span class='ocrx_word' id='word_1_229' title='bbox 1770 1282 1891 1326; x_wconf 82' lang='lat' dir='ltr'>piger’</span> 
     </span>
     <span class='ocr_line' id='line_1_25' title="bbox 373 1328 1896 1375; baseline -0.001 -11"><span class='ocrx_word' id='word_1_230' title='bbox 373 1331 514 1365; x_wconf 87' lang='lat' dir='ltr'>diceret</span> <span class='ocrx_word' id='word_1_231' title='bbox 541 1330 674 1375; x_wconf 87' lang='lat' dir='ltr'>aliquis</span> <span class='ocrx_word' id='word_1_232' title='bbox 701 1342 766 1366; x_wconf 90' lang='lat' dir='ltr'>suo</span> <span class='ocrx_word' id='word_1_233' title='bbox 791 1331 881 1366; x_wconf 85' lang='lat' dir='ltr'>iure.</span> <span class='ocrx_word' id='word_1_234' title='bbox 928 1330 1042 1366; x_wconf 86' lang='lat' dir='ltr'>‘Nam</span> <span class='ocrx_word' id='word_1_235' title='bbox 1069 1330 1156 1365; x_wconf 86' lang='lat' dir='ltr'>dum</span> <span class='ocrx_word' id='word_1_236' title='bbox 1183 1330 1311 1365; x_wconf 86' lang='lat' dir='ltr'>sedulo</span> <span class='ocrx_word' id='word_1_237' title='bbox 1339 1341 1383 1364; x_wconf 84' lang='lat' dir='ltr'>ex</span> <span class='ocrx_word' id='word_1_238' title='bbox 1402 1329 1617 1364; x_wconf 86' lang='lat' dir='ltr'>Latinorum</span> <span class='ocrx_word' id='word_1_239' title='bbox 1645 1328 1896 1364; x_wconf 87' lang='lat' dir='ltr'>uoluminibus</span> 
     </span>
     <span class='ocr_line' id='line_1_26' title="bbox 374 1376 1896 1423; baseline -0.001 -11"><span class='ocrx_word' id='word_1_240' title='bbox 374 1378 591 1422; x_wconf 89' lang='lat' dir='ltr'>conquirere</span> <span class='ocrx_word' id='word_1_241' title='bbox 625 1378 795 1423; x_wconf 81' lang='lat' dir='ltr'>exempla</span> <span class='ocrx_word' id='word_1_242' title='bbox 820 1389 892 1413; x_wconf 91' lang='lat' dir='ltr'>non</span> <span class='ocrx_word' id='word_1_243' title='bbox 918 1378 993 1421; x_wconf 86' lang='lat' dir='ltr'>uis,</span> <span class='ocrx_word' id='word_1_244' title='bbox 1025 1389 1070 1412; x_wconf 88' lang='lat' dir='ltr'>ea</span> <span class='ocrx_word' id='word_1_245' title='bbox 1095 1389 1188 1421; x_wconf 90' lang='lat' dir='ltr'>quae</span> <span class='ocrx_word' id='word_1_246' title='bbox 1216 1376 1348 1412; x_wconf 84' lang='lat' dir='ltr'>Graeci</span> <span class='ocrx_word' id='word_1_247' title='bbox 1373 1377 1539 1412; x_wconf 73' lang='lat' dir='ltr'>rhetores</span> <span class='ocrx_word' id='word_1_248' title='bbox 1566 1387 1609 1411; x_wconf 82' lang='lat' dir='ltr'>ex</span> <span class='ocrx_word' id='word_1_249' title='bbox 1636 1377 1785 1412; x_wconf 84' lang='lat' dir='ltr'>Graecis</span> <span class='ocrx_word' id='word_1_250' title='bbox 1813 1388 1896 1411; x_wconf 87' lang='lat' dir='ltr'>con-</span> 
     </span>
     <span class='ocr_line' id='line_1_27' title="bbox 372 1423 1895 1471; baseline -0.001 -12"><span class='ocrx_word' id='word_1_251' title='bbox 372 1426 568 1470; x_wconf 82' lang='lat' dir='ltr'>gesserunt</span> <span class='ocrx_word' id='word_1_252' title='bbox 604 1436 757 1471; x_wconf 87' lang='lat' dir='ltr'>operose</span> <span class='ocrx_word' id='word_1_253' title='bbox 795 1424 952 1460; x_wconf 88' lang='lat' dir='ltr'>nimium</span> <span class='ocrx_word' id='word_1_254' title='bbox 988 1424 1225 1470; x_wconf 85' lang='lat' dir='ltr'>impudenter</span> <span class='ocrx_word' id='word_1_255' title='bbox 1262 1424 1434 1459; x_wconf 84' lang='lat' dir='ltr'>uenditas</span> <span class='ocrx_word' id='word_1_256' title='bbox 1472 1435 1539 1469; x_wconf 90' lang='lat' dir='ltr'>pro</span> <span class='ocrx_word' id='word_1_257' title='bbox 1571 1423 1680 1458; x_wconf 86' lang='lat' dir='ltr'>tuis’:</span> <span class='ocrx_word' id='word_1_258' title='bbox 1718 1423 1814 1458; x_wconf 87' lang='lat' dir='ltr'>conf.</span> <span class='ocrx_word' id='word_1_259' title='bbox 1847 1423 1895 1458; x_wconf 87' lang='lat' dir='ltr'>ad</span> 
     </span>
     <span class='ocr_line' id='line_1_28' title="bbox 374 1471 1896 1517; baseline -0.002 -10"><span class='ocrx_word' id='word_1_260' title='bbox 374 1485 411 1517; x_wconf 92' lang='lat' dir='ltr'>p.</span> <span class='ocrx_word' id='word_1_261' title='bbox 439 1476 518 1516; x_wconf 83' lang='lat'>324,</span> <span class='ocrx_word' id='word_1_262' title='bbox 539 1477 595 1508; x_wconf 92' lang='grc'>21.</span> <span class='ocrx_word' id='word_1_263' title='bbox 623 1493 666 1498; x_wconf 89' lang='grc'>-</span> <span class='ocrx_word' id='word_1_264' title='bbox 693 1473 882 1508; x_wconf 87' lang='lat' dir='ltr'>Dormitat</span> <span class='ocrx_word' id='word_1_265' title='bbox 912 1473 976 1507; x_wconf 89' lang='lat' dir='ltr'>ille</span> <span class='ocrx_word' id='word_1_266' title='bbox 1001 1472 1051 1506; x_wconf 91' lang='lat' dir='ltr'>IV</span> <span class='ocrx_word' id='word_1_267' title='bbox 1072 1477 1128 1516; x_wconf 85' lang='lat'>39,</span> <span class='ocrx_word' id='word_1_268' title='bbox 1150 1477 1189 1507; x_wconf 86' lang='lat'>51</span> <span class='ocrx_word' id='word_1_269' title='bbox 1228 1473 1318 1507; x_wconf 86' lang='lat' dir='ltr'>extr.</span> <span class='ocrx_word' id='word_1_270' title='bbox 1349 1471 1412 1506; x_wconf 89' lang='lat' dir='ltr'>ubi</span> <span class='ocrx_word' id='word_1_271' title='bbox 1438 1471 1548 1507; x_wconf 89' lang='lat' dir='ltr'>modo</span> <span class='ocrx_word' id='word_1_272' title='bbox 1579 1471 1754 1517; x_wconf 76' lang='lat' dir='ltr'>Quirites,</span> <span class='ocrx_word' id='word_1_273' title='bbox 1787 1471 1896 1505; x_wconf 90' lang='lat' dir='ltr'>modo</span> 
     </span>
     <span class='ocr_line' id='line_1_29' title="bbox 374 1520 664 1565; baseline -0.003 -10"><span class='ocrx_word' id='word_1_274' title='bbox 374 1521 513 1555; x_wconf 69' lang='lat' dir='ltr'>iudices</span> <span class='ocrx_word' id='word_1_275' title='bbox 538 1520 664 1565; x_wconf 88' lang='lat' dir='ltr'>posuit</span> 
     </span>
    </p>

    <p class='ocr_par' dir='ltr' id='par_1_10' title="bbox 373 1565 1897 1659">
     <span class='ocr_line' id='line_1_30' title="bbox 492 1565 1897 1612; baseline -0.001 -10"><span class='ocrx_word' id='word_1_276' title='bbox 492 1568 538 1602; x_wconf 86' lang='lat' dir='ltr'>ad</span> <span class='ocrx_word' id='word_1_277' title='bbox 565 1580 600 1612; x_wconf 90' lang='lat' dir='ltr'>p.</span> <span class='ocrx_word' id='word_1_278' title='bbox 628 1567 722 1602; x_wconf 80' lang='lat'>127:</span> <span class='ocrx_word' id='word_1_279' title='bbox 754 1567 847 1602; x_wconf 87' lang='lat' dir='ltr'>adde</span> <span class='ocrx_word' id='word_1_280' title='bbox 873 1567 971 1611; x_wconf 90' lang='lat' dir='ltr'>quod</span> <span class='ocrx_word' id='word_1_281' title='bbox 996 1567 1032 1601; x_wconf 91' lang='lat' dir='ltr'>in</span> <span class='ocrx_word' id='word_1_282' title='bbox 1059 1566 1161 1601; x_wconf 85' lang='lat' dir='ltr'>uitiis</span> <span class='ocrx_word' id='word_1_283' title='bbox 1180 1567 1215 1600; x_wconf 90' lang='lat' dir='ltr'>II</span> <span class='ocrx_word' id='word_1_284' title='bbox 1235 1570 1291 1610; x_wconf 86' lang='grc'>29,</span> <span class='ocrx_word' id='word_1_285' title='bbox 1311 1571 1355 1601; x_wconf 84' lang='grc'>46</span> <span class='ocrx_word' id='word_1_286' title='bbox 1383 1565 1633 1601; x_wconf 84' lang='lat' dir='ltr'>exornationis</span> <span class='ocrx_word' id='word_1_287' title='bbox 1653 1569 1777 1611; x_wconf 87' lang='lat' dir='ltr'>partes</span> <span class='ocrx_word' id='word_1_288' title='bbox 1799 1577 1897 1600; x_wconf 89' lang='lat' dir='ltr'>com-</span> 
     </span>
     <span class='ocr_line' id='line_1_31' title="bbox 373 1614 1809 1659; baseline -0.001 -11"><span class='ocrx_word' id='word_1_289' title='bbox 373 1616 642 1656; x_wconf 86' lang='lat' dir='ltr'>memorantur,</span> <span class='ocrx_word' id='word_1_290' title='bbox 669 1615 771 1649; x_wconf 86' lang='lat' dir='ltr'>cuius</span> <span class='ocrx_word' id='word_1_291' title='bbox 797 1614 990 1649; x_wconf 79' lang='lat' dir='ltr'>diuisionis</span> <span class='ocrx_word' id='word_1_292' title='bbox 1019 1618 1074 1659; x_wconf 88' lang='grc'>18,</span> <span class='ocrx_word' id='word_1_293' title='bbox 1094 1618 1138 1649; x_wconf 88' lang='grc'>28</span> <span class='ocrx_word' id='word_1_294' title='bbox 1164 1625 1232 1649; x_wconf 87' lang='lat' dir='ltr'>nec</span> <span class='ocrx_word' id='word_1_295' title='bbox 1258 1614 1344 1649; x_wconf 89' lang='lat' dir='ltr'>uola</span> <span class='ocrx_word' id='word_1_296' title='bbox 1368 1625 1435 1648; x_wconf 88' lang='lat' dir='ltr'>nec</span> <span class='ocrx_word' id='word_1_297' title='bbox 1461 1614 1662 1658; x_wconf 80' lang='lat' dir='ltr'>uestigium</span> <span class='ocrx_word' id='word_1_298' title='bbox 1687 1614 1809 1648; x_wconf 84' lang='lat' dir='ltr'>exstat</span> 
     </span>
    </p>

    <p class='ocr_par' dir='ltr' id='par_1_11' title="bbox 372 1660 1896 1802">
     <span class='ocr_line' id='line_1_32' title="bbox 491 1660 1896 1707; baseline -0.002 -10"><span class='ocrx_word' id='word_1_299' title='bbox 491 1663 538 1697; x_wconf 88' lang='lat' dir='ltr'>ad</span> <span class='ocrx_word' id='word_1_300' title='bbox 563 1675 598 1707; x_wconf 92' lang='lat' dir='ltr'>p.</span> <span class='ocrx_word' id='word_1_301' title='bbox 626 1662 699 1697; x_wconf 83' lang='lat'>131</span> <span class='ocrx_word' id='word_1_302' title='bbox 735 1673 932 1697; x_wconf 86' lang='lat' dir='ltr'>summam:</span> <span class='ocrx_word' id='word_1_303' title='bbox 966 1661 1146 1697; x_wconf 88' lang='lat' dir='ltr'>librorum</span> <span class='ocrx_word' id='word_1_304' title='bbox 1178 1661 1399 1706; x_wconf 87' lang='lat' dir='ltr'>scripturam</span> <span class='ocrx_word' id='word_1_305' title='bbox 1431 1661 1469 1695; x_wconf 89' lang='lat' dir='ltr'>in</span> <span class='ocrx_word' id='word_1_306' title='bbox 1496 1660 1678 1696; x_wconf 85' lang='lat' dir='ltr'>eiusmodi</span> <span class='ocrx_word' id='word_1_307' title='bbox 1703 1660 1896 1695; x_wconf 85' lang='lat' dir='ltr'>uocabulis</span> 
     </span>
     <span class='ocr_line' id='line_1_33' title="bbox 373 1708 1896 1754; baseline -0.001 -11"><span class='ocrx_word' id='word_1_308' title='bbox 373 1709 500 1753; x_wconf 88' lang='lat' dir='ltr'>qualia</span> <span class='ocrx_word' id='word_1_309' title='bbox 527 1711 612 1744; x_wconf 90' lang='lat' dir='ltr'>sunt</span> <span class='ocrx_word' id='word_1_310' title='bbox 633 1709 888 1754; x_wconf 73' lang='lat' dir='ltr'>Chrespontem</span> <span class='ocrx_word' id='word_1_311' title='bbox 906 1710 1035 1754; x_wconf 71' lang='lat' dir='ltr'>epodos</span> <span class='ocrx_word' id='word_1_312' title='bbox 1055 1721 1113 1744; x_wconf 92' lang='lat' dir='ltr'>me</span> <span class='ocrx_word' id='word_1_313' title='bbox 1134 1720 1303 1744; x_wconf 86' lang='lat' dir='ltr'>seruasse</span> <span class='ocrx_word' id='word_1_314' title='bbox 1322 1720 1396 1744; x_wconf 88' lang='lat' dir='ltr'>non</span> <span class='ocrx_word' id='word_1_315' title='bbox 1415 1708 1599 1754; x_wconf 85' lang='lat' dir='ltr'>paenitet:</span> <span class='ocrx_word' id='word_1_316' title='bbox 1626 1708 1720 1744; x_wconf 81' lang='lat' dir='ltr'>conf.</span> <span class='ocrx_word' id='word_1_317' title='bbox 1742 1708 1896 1742; x_wconf 85' lang='lat' dir='ltr'>Momm-</span> 
     </span>
     <span class='ocr_line' id='line_1_34' title="bbox 372 1756 1331 1802; baseline 0 -11"><span class='ocrx_word' id='word_1_318' title='bbox 372 1767 481 1791; x_wconf 88' lang='lat' dir='ltr'>senus</span> <span class='ocrx_word' id='word_1_319' title='bbox 509 1757 662 1802; x_wconf 84' lang='lat' dir='ltr'>Ephem.</span> <span class='ocrx_word' id='word_1_320' title='bbox 691 1758 808 1802; x_wconf 85' lang='lat' dir='ltr'>epigr.</span> <span class='ocrx_word' id='word_1_321' title='bbox 835 1756 921 1791; x_wconf 83' lang='lat' dir='ltr'><strong>VIII</strong></span> <span class='ocrx_word' id='word_1_322' title='bbox 948 1769 983 1802; x_wconf 88' lang='lat' dir='ltr'>p.</span> <span class='ocrx_word' id='word_1_323' title='bbox 1004 1760 1083 1791; x_wconf 67' lang='lat'>273.</span> <span class='ocrx_word' id='word_1_324' title='bbox 1101 1769 1127 1792; x_wconf 89' lang='lat' dir='ltr'>s.</span> <span class='ocrx_word' id='word_1_325' title='bbox 1153 1769 1187 1791; x_wconf 92' lang='lat' dir='ltr'>u.</span> <span class='ocrx_word' id='word_1_326' title='bbox 1208 1757 1331 1801; x_wconf 72' lang='lat' dir='ltr'>pthoz&#39;s</span> 
     </span>
    </p>
   </div>
   <div class='ocr_carea' id='block_1_3' title="bbox 372 1849 1897 1944">
    <p class='ocr_par' dir='ltr' id='par_1_12' title="bbox 372 1849 1897 1944">
     <span class='ocr_line' id='line_1_35' title="bbox 493 1849 1897 1887; baseline -0.001 -2"><span class='ocrx_word' id='word_1_327' title='bbox 493 1851 595 1887; x_wconf 88' lang='lat' dir='ltr'>Libri</span> <span class='ocrx_word' id='word_1_328' title='bbox 632 1851 782 1886; x_wconf 78' lang='lat' dir='ltr'>titulum</span> <span class='ocrx_word' id='word_1_329' title='bbox 822 1862 997 1886; x_wconf 84' lang='lat' dir='ltr'>exornare</span> <span class='ocrx_word' id='word_1_330' title='bbox 1036 1851 1142 1886; x_wconf 88' lang='lat' dir='ltr'>licuit</span> <span class='ocrx_word' id='word_1_331' title='bbox 1179 1850 1375 1886; x_wconf 84' lang='lat' dir='ltr'>simulacro</span> <span class='ocrx_word' id='word_1_332' title='bbox 1408 1849 1639 1886; x_wconf 86' lang='lat' dir='ltr'>monumenti</span> <span class='ocrx_word' id='word_1_333' title='bbox 1671 1849 1828 1884; x_wconf 86' lang='lat' dir='ltr'>Romani</span> <span class='ocrx_word' id='word_1_334' title='bbox 1859 1849 1897 1884; x_wconf 91' lang='lat' dir='ltr'>in</span> 
     </span>
     <span class='ocr_line' id='line_1_36' title="bbox 372 1897 1755 1944; baseline -0.001 -11"><span class='ocrx_word' id='word_1_335' title='bbox 372 1899 497 1944; x_wconf 89' lang='lat' dir='ltr'>patria</span> <span class='ocrx_word' id='word_1_336' title='bbox 522 1899 670 1944; x_wconf 85' lang='lat' dir='ltr'>reperti.</span> <span class='ocrx_word' id='word_1_337' title='bbox 721 1898 787 1933; x_wconf 86' lang='lat' dir='ltr'>Est</span> <span class='ocrx_word' id='word_1_338' title='bbox 814 1898 1068 1944; x_wconf 85' lang='lat' dir='ltr'>anaglyphum</span> <span class='ocrx_word' id='word_1_339' title='bbox 1094 1897 1214 1933; x_wconf 90' lang='lat' dir='ltr'>Musei</span> <span class='ocrx_word' id='word_1_340' title='bbox 1239 1897 1420 1933; x_wconf 88' lang='lat' dir='ltr'>Treuirici</span> <span class='ocrx_word' id='word_1_341' title='bbox 1445 1898 1755 1943; x_wconf 84' lang='lat' dir='ltr'>Nouiomagense.</span> 
     </span>
    </p>
   </div>
  </div>
 </body>
</html>
