2003 3116
335 108 415 147 144
911 107 1276 140 PROLEGOMENA.

448 214 597 267 Itaque
624 213 918 267 indiligentiae
946 215 1021 252 aut
1048 213 1202 253 erroris
1229 227 1311 266 quo
1340 213 1525 254 auritum
1559 216 1602 254 et
1634 215 1845 256 oculatum

329 287 484 326 testem
525 297 755 338 coarguam
789 297 873 324 non
912 282 1065 324 habeo.
1129 281 1278 337 Neque
1309 285 1453 324 tamen
1485 283 1568 324 ista
1600 298 1706 338 quae
1739 285 1847 339 apud

329 355 575 397 Ciceronem
608 355 809 408 leguntur
842 353 1080 395 consociari
1113 356 1316 408 poterunt
1348 369 1443 395 cum
1470 353 1606 395 edicto
1638 355 1730 409 ipso
1758 371 1849 398 cen-

330 441 473 468 sorum
502 425 614 479 apud
643 423 759 466 Suet.
780 425 829 466 de
856 424 963 466 rhet.
986 425 1007 466 1
1045 423 1154 466 Geli.
1179 423 1260 466 XV
1290 425 1340 466 11
1371 425 1430 467 sic
1456 424 1634 467 tradito:
1665 425 1848 468 ‘Renun—

328 497 483 537 tiatum
516 499 582 537 est
614 495 740 537 nobis
774 510 866 537 esse
898 495 1093 537 homines
1127 496 1199 550 qui
1232 510 1393 538 nouum
1427 509 1560 550 genus
1600 496 1849 551 disciplinae

327 567 626 621 instituerunt,
667 566 719 608 ad
752 581 858 621 quos
890 567 1090 608 iuuentus
1124 567 1168 607 in
1200 566 1345 608 ludum
1380 567 1624 609 conueniat:
1663 582 1735 609 eos
1769 567 1851 608 sibi

329 653 485 679 nomen
522 638 780 694 imposuisse
813 637 992 679 Latinos
1031 637 1241 680 rhetoras:
1280 638 1340 679 ibi
1378 638 1573 680 homines
1613 638 1849 680 adulescen-

326 709 440 751 tulos
474 709 563 752 dies
596 712 712 752 totos
746 709 950 751 desidere.
1013 709 1197 751 Maiores
1229 710 1385 763 nostri,
1424 724 1530 764 quae
1561 709 1717 751 liberos
1751 725 1849 751 suos

327 780 489 822 discere
534 782 576 822 et
614 796 720 835 quos
759 780 803 821 11]
847 779 971 822 111(103
1010 780 1119 822 itare
1159 781 1337 835 uellent,
1382 781 1670 822 instituerunt.
1732 780 1851 823 Haec

325 866 450 907 noua,
483 867 590 907 quae
622 854 794 907 praeter
827 852 1181 894 consuetudinem
1213 867 1262 894 ac
1295 866 1458 894 morem
1490 852 1699 893 maiorum
1731 852 1851 903 fiunt,

326 937 465 978 neque
503 924 675 978 placent
706 938 844 978 neque
882 924 998 964 recta
1035 923 1243 965 uidentur.
1308 922 1579 978 Quapropter
1605 926 1648 965 et
1680 923 1747 964 his
1780 924 1852 979 qui

327 1009 399 1036 eos
438 994 561 1036 ludos
592 994 753 1036 habent
791 996 834 1035 et
871 993 939 1035 his
978 994 1051 1048 qui
1089 1008 1137 1036 eo
1179 994 1323 1036 uenire
1365 997 1645 1049 consuerunt,
1683 994 1852 1036 uidetur

326 1065 573 1107 faciundum
611 1068 660 1107 ut
698 1064 1019 1107 ostenderemus
1058 1067 1251 1107 nostram
1291 1066 1564 1121 sententiam,
1601 1066 1726 1108 nobis
1765 1081 1851 1108 non

327 1137 522 1192 placere?
578 1136 739 1179 Tamen
770 1152 848 1179 nos
881 1152 934 1179 110
967 1137 1168 1178 00111111110
1202 1136 1410 1178 eiusmodi
1441 1140 1718 1180 monumento
1756 1152 1852 1179 con-

326 1209 394 1249 fisi
421 1208 665 1263 expeditam
692 1224 781 1250 rem
810 1211 852 1250 et
878 1210 1069 1263 apertam
1104 1223 1195 1250 esse
1229 1208 1420 1250 dicamus
1454 1224 1502 1251 eo
1536 1223 1852 1251 commonemur

326 1279 434 1335 quod
468 1279 762 1321 Mommsenus
802 1279 875 1320 RF
907 1279 949 1321 II
981 1295 1021 1334 p.
1047 1280 1146 1321 419.
1178 1280 1263 1321 427
1303 1280 1447 1322 docuit
1484 1296 1610 1336 quam
1652 1280 1851 1322 audacter

325 1354 369 1392 et
412 1350 600 1392 studiose
645 1351 864 1392 annalium
907 1351 1137 1405 scriptores
1180 1351 1291 1393 tales
1337 1352 1621 1394 confinxerint
1664 1352 1852 1393 tabulas:

325 1436 461 1478 neque
489 1422 601 1463 enim
628 1422 672 1463 in
698 1424 791 1464 toto
818 1421 892 1464 illo
919 1422 1059 1464 edicto
1087 1422 1315 1477 quicquam
1346 1423 1458 1465 inest
1484 1424 1586 1478 quin
1620 1423 1847 1465 confictum

326 1508 420 1535 esse
458 1493 646 1548 potuerit
684 1507 708 1534 a
747 1492 921 1535 rhetore
965 1493 1152 1547 quodam
1193 1496 1267 1535 aut
1312 1494 1592 1536 historiarum
1634 1494 1853 1548 scriptore.

325 1565 552 1606 Praeterea
585 1564 682 1605 uide
714 1579 841 1619 quam
875 1565 1030 1619 longus
1058 1565 1113 1606 sit
1140 1580 1278 1606 sermo
1305 1567 1347 1606 et
1373 1580 1499 1620 quam
1525 1565 1694 1620 loquax,
1720 1580 1850 1620 quam

327 1638 518 1678 morator
550 1637 674 1677 stilus
707 1638 750 1677 et
782 1651 908 1690 quam
944 1637 1121 1688 otiosus,
1153 1651 1279 1691 quam
1314 1636 1457 1691 inepte
1484 1652 1550 1678 res
1579 1637 1771 1692 singulae
1798 1637 1849 1678 ad

325 1708 522 1749 rhetoras
550 1708 648 1749 illos
674 1708 940 1761 pertinentes
967 1711 1277 1763 enumerentur,
1304 1723 1431 1763 quam
1453 1709 1596 1750 omnia
1621 1708 1697 1750 illa
1717 1723 1848 1750 enun-

327 1779 436 1820 tiata
468 1779 729 1820 abhorreant
769 1779 821 1820 ab
856 1793 1048 1820 sermone
1082 1779 1158 1821 illo
1191 1794 1289 1821 uere
1321 1779 1475 1821 Latino
1509 1780 1651 1822 sobrio
1686 1782 1727 1821 et
1759 1795 1848 1821 mo-

327 1850 466 1905 desto,
510 1850 631 1891 breui
671 1853 714 1891 et
752 1850 942 1901 conciso,
987 1850 1124 1905 qualis
1163 1851 1206 1892 in
1250 1851 1433 1905 publicis
1475 1851 1622 1906 populi
1666 1851 1849 1893 Romani

325 1921 615 1963 monumentis
656 1923 821 1963 exstare
862 1922 990 1963 solet:
1029 1922 1255 1976 indignum
1290 1923 1483 1977 profecto
1516 1922 1669 1964 Licinii
1703 1920 1848 1964 Crassi

325 2007 397 2034 ore
424 1992 608 2034 facundo
636 1995 678 2033 et
702 1993 841 2047 polito
869 1993 1084 2034 uidebitur
1119 2008 1211 2035 esse
1238 1994 1506 2036 enuntiatum
1532 1994 1647 2035 istud
1674 1994 1845 2048 duplex:

325 2063 459 2106 ‘Haec
491 2078 604 2105 noua
636 2079 744 2119 quae
775 2066 946 2118 praeter
977 2065 1326 2107 consuetudinem
1360 2080 1408 2107 ac
1440 2080 1602 2107 morem
1634 2066 1844 2107 maiorum

323 2135 432 2177 fiunt
461 2149 586 2189 aveque
611 2136 779 2189 placem
814 2150 948 2191 neque
980 2139 1097 2178 recta
1129 2137 1340 2179 uidentur.
1404 2136 1673 2192 Quapropter
1706 2138 1748 2178 et
1778 2136 1846 2177 his

325 2207 398 2261 qui
424 2221 493 2248 eos
519 2206 643 2249 ludos
669 2207 833 2248 habent
859 2210 901 2248 et
926 2207 993 2249 his
1026 2208 1097 2263 qui
1131 2223 1179 2250 eo
1211 2209 1356 2250 uenire
1389 2211 1647 2251 consuerunt
1680 2208 1846 2250 uidetur

323 2277 569 2319 faciundum
609 2280 656 2318 ut
694 2277 1014 2328 ostenderemus
1052 2282 1246 2320 nostram
1287 2280 1563 2335 sententiam,
1605 2280 1720 2321 wobz‘s
1762 2293 1846 2321 nou

318 2348 492 2401 placere’
527 2349 680 2403 quibus
707 2349 750 2389 in
779 2350 921 2390 uerbis
949 2364 1000 2390 ne
1028 2350 1120 2404 quis
1151 2351 1401 2393 sollemnem
1435 2351 1525 2392 iure
1552 2351 1844 2392 consultorum

325 2434 564 2461 sermonem
592 2420 768 2474 agnosci
795 2420 1030 2462 arbitretur
1057 2421 1248 2463 conferto
1275 2422 1327 2463 ad
1354 2421 1453 2463 Her.
1480 2421 1542 2463 IV
1572 2422 1607 2476 1,
1630 2423 1651 2463 1
1687 2421 1844 2462 ‘neces-

327 2491 440 2532 sario
468 2490 709 2532 faciendum
738 2494 803 2532 est
829 2494 877 2533 ut
901 2492 1048 2547 paucis
1075 2493 1284 2534 rationem
1311 2493 1448 2535 nostri
1476 2493 1642 2535 consilii
1668 2492 1844 2534 demus?

324 2561 517 2616 Denique
557 2553 663 2603 illud
702 2563 970 2605 enuntiatum
1004 2563 1205 2606 eMaiores
1237 2565 1377 2606 nostri
1410 2580 1516 2619 quae
1554 2565 1712 2606 liberos
1745 2579 1842 2605 suos

326 2632 486 2674 discere
520 2635 562 2674 et
594 2648 700 2688 quos
732 2633 775 2675 in
808 2634 932 2676 ludos
964 2636 1072 2677 itare
1104 2636 1275 2688 uellent,
1306 2635 1602 2677 instituerunt'
1630 2650 1755 2690 quam
1787 2635 1843 2676 sit

324 2704 514 2759 ineptum
549 2707 728 2759 apparet
760 2706 915 2747 collato
943 2705 1027 2748 Cic.
1054 2707 1104 2748 de
1132 2722 1219 2761 rep.
1246 2707 1308 2748 IV
1335 2708 1373 2761 3,
1394 2708 1419 2748 3
1454 2706 1683 2760 ‘Principio
1718 2706 1840 2748 disci-

324 2774 486 2827 plinam
530 2776 739 2829 puerilem
783 2777 1002 2832 ingenuis,
1047 2778 1096 2818 de
1141 2793 1224 2832 qua
1263 2778 1411 2819 Graeci
1457 2778 1637 2819 multum
1682 2777 1842 2819 frustra

324 2843 578 2886 laborarunt
610 2849 653 2887 et
683 2847 727 2887 in
761 2862 844 2902 qua
877 2863 961 2889 una
992 2848 1199 2903 Polybius
1231 2852 1376 2890 noster
1406 2849 1561 2902 hospes
1595 2850 1839 2890 nostrorum
