2003 3116
663 114 1034 148 PROLEGOMENA.
1557 109 1611 150 57

88 226 200 266 τόνδε
231 226 300 266 τὸν
324 224 487 279 τρόπον·
521 222 607 266 οἷον
632 225 673 265 εἴ
697 242 754 273 τις
788 224 831 264 ἐν
859 225 949 281 δίκῃ
973 230 1202 278 κατηγορῶν
1226 223 1332 271 τινὸς
1364 223 1479 275 εἴποι,
1510 222 1615 276 παρὰ

88 292 158 326 τοῦ
197 285 440 338 διωκομένου
477 283 696 339 ἄνθρωπόν
734 301 823 324 τινα
862 285 1055 340 φαρμάκῳ
1093 282 1347 335 φονευθῆναι
1381 283 1492 336 χάριν
1522 286 1614 333 κλη-

90 346 279 398 ρονομίας
316 351 385 397 τῆς
421 344 576 385 ἐκείνου
616 345 772 396 οὐσίας,
810 343 876 384 καὶ
910 345 1051 384 τούτου
1083 350 1152 382 τοῦ
1184 343 1407 396 πράγματος
1438 342 1615 395 ἐπαγγεί-

89 408 194 444 λαιτο
240 405 409 452 πολλοὺς
451 408 690 457 παραγαγεῖν
735 404 932 456 μάρτυρας
975 402 1040 442 καὶ
1081 403 1332 460 συνίστορας·
1381 401 1431 441 ἂν
1474 403 1615 442 τούτου

89 464 268 517 πρώτου,
301 464 366 503 ἴνα
396 463 494 515 πρὸς
525 463 567 502 τὸ
600 463 807 502 διεκδικεῖν
839 461 935 514 ἡμῖν
967 461 1130 501 εὔκολον
1161 461 1207 533 ῃ,
1239 466 1465 514 μεμνῆσθαι
1495 461 1614 512 θελή-

91 535 233 576 σωμεν,
264 523 306 562 ἐν
332 527 384 578 τῷ
410 523 548 578 πρώτῳ
574 522 678 578 τόπῳ
704 521 775 573 τὴν
800 524 941 561 τούτου
966 528 1035 561 τοῦ
1061 521 1207 568 παντὸς
1232 522 1456 574 πράγματος
1482 521 1615 561 εἰκόνα

92 583 446 656 συσχηματίσομεν·
479 580 629 632 ἀσθενῆ
661 580 704 620 ἐν
730 588 775 636 τῇ
807 582 922 637 κλίνῃ
948 581 1226 631 κατακείμενον
1252 581 1467 632 ποιήσομεν
1494 580 1615 620 αὐτὸν

89 641 261 693 ἐκεῖνον,
298 639 396 694 ὑπὲρ
435 636 483 680 οὗ
514 638 539 691 ἡ
573 641 683 691 δίκη,
720 639 769 679 ἂν
809 639 880 691 τὴν
911 639 1064 680 ἐκείνου
1096 655 1255 692 μορφήν
1287 639 1329 679 ἐν
1361 657 1417 695 νῳ
1450 639 1614 692 ἔχωμεν

91 701 126 740 εἰ
156 699 197 740 δὲ
228 700 380 740 ἐκεῖνον
413 700 486 739 οὐκ
518 700 694 751 οίδαμεν,
729 698 881 750 ασθενῆ
914 714 1000 738 τινα
1031 698 1259 750 ληψόμεθα,
1291 698 1364 738 οὐκ
1395 699 1433 747 ἐξ
1465 699 1531 739 ἐλά
1534 715 1615 739 ττο-

95 775 160 807 νος
191 759 334 811 τόπου,
365 757 418 806 ὡς
448 758 498 798 ἂν
531 758 681 806 εὐθέως
714 759 768 806 εἰς
799 765 899 798 νοῦν
931 758 1063 798 ἐλθεῖν
1096 758 1272 809 δύναιτο,
1303 758 1367 797 καὶ
1399 758 1466 797 τὸν
1499 775 1614 809 κατη-

90 820 333 872 γορούμενον
360 818 457 871 πρὸς
489 825 534 872 τῇ
559 819 673 874 κλίνῃ
700 818 822 858 αὑτοῦ
849 818 1160 870 παραστήσομεν,
1192 824 1237 873 τῇ
1264 816 1334 869 μὲν
1361 818 1466 873 δεξιᾷ
1496 818 1615 869 71:017}-

92 894 178 931 ριον
209 882 371 932 πλῆρες,
409 885 455 933 τῇ
489 875 524 916 δ’
549 877 727 933 ἀριστερᾷ
766 878 934 924 πίνακας
965 876 1257 931 γεγραμμένους
1288 877 1513 929 κατέχοντα,
1550 877 1615 916 καὶ

86 937 218 990 ἰατρόν
250 954 335 977 τινα
367 937 552 991 Μάρτιον
584 937 886 990 παραστήσομεν
919 937 1021 977 οὕτω
1057 937 1314 988 καλούμενον.
1367 940 1515 977 Τοῦτον
1548 936 1615 976 τὸν

86 997 229 1050 τρόπον
267 997 333 1036 καὶ
370 1003 446 1036 τῶν
485 998 692 1050 μαρτύρων
725 996 790 1036 καὶ
828 1003 896 1048 τῆς
933 997 1201 1050 κληρονομίας
1234 996 1299 1036 καὶ
1331 1003 1398 1036 τοῦ
1430 1001 1481 1051 τῷ
1514 1013 1614 1049 φαρ-

89 1057 199 1112 μάκῳ
231 1055 500 1107 φονευθέντος
533 1056 694 1109 μνήμην
726 1055 824 1109 ἔχειν
858 1057 1127 1108 δυνησόμεθα.
1179 1055 1257 1095 Καὶ
1294 1055 1383 1107 ἑξῆς
1420 1056 1466 1095 τὰ
1501 1055 1616 1096 λοιπὰ

86 1115 341 1169 ἁμαρτήματα
371 1116 468 1156 κατὰ
500 1116 608 1165 τάξιν
639 1116 683 1156 ἐν
714 1121 795 1164 τοῖς
826 1116 960 1163 τόποις
992 1116 1191 1167 θήσομεν,
1231 1115 1295 1155 καὶ
1329 1114 1463 1163 ὁσάκις
1494 1117 1615 1169 πράγ-

87 1191 205 1228 ματος
249 1175 537 1228 ἐνθυμηθῆναι
574 1176 815 1227 θελήσομεν,
852 1175 902 1215 ἂν
934 1183 979 1230 τῇ
1018 1182 1094 1215 τῶν
1133 1182 1296 1227 μορφῶν
1337 1174 1512 1215 διαθέσει
1552 1175 1616 1214 καὶ

84 1239 136 1290 τῷ
170 1241 247 1275 τῶν
280 1235 445 1275 εἰκόνων
478 1235 653 1287 ἐπιμελεῖ
678 1235 779 1291 λόγῳ
810 1235 1060 1288 χρησώμεθα,
1092 1236 1238 1290 ῥᾳδίως
1263 1234 1438 1286 ἐκείνων,
1470 1234 1495 1275 ἃ
1521 1237 1615 1288 βου-

85 1294 302 1347 λησόμεθα,
335 1296 674 1347 μνημονεύσομεν.

206 1363 320 1405 XXI.
371 1366 450 1414 Τὰς
487 1373 564 1405 τῶν
602 1366 727 1419 λόγων
765 1365 806 1406 δὲ
845 1365 1075 1418 ὁμοιότητας
1114 1371 1198 1414 ταῖς
1230 1366 1374 1406 εἰκόσιν
1406 1366 1613 1417 ἐκφαίνειν

88 1424 266 1473 θέλοντες
305 1426 421 1465 πλείω
462 1425 587 1465 πόνον
626 1425 761 1478 ἕξομεν
801 1426 866 1465 καὶ
907 1429 1052 1478 μᾶλλον
1090 1426 1160 1477 τὴν
1198 1424 1385 1478 ἡμετέραν
1425 1426 1607 1466 διάνοιαν

83 1485 352 1538 γυμνάσομεν,
395 1482 415 1523 ὃ
454 1485 566 1525 τόνδε
607 1485 673 1525 τὸν
714 1485 858 1538 τρόπον
898 1490 1026 1525 ποιεῖν
1066 1484 1169 1537 ἡμᾶς
1210 1485 1380 1539 ἁρμόσει.
1421 1484 1526 1537 ’Ήδη
1568 1485 1610 1525 ἐν

85 1543 192 1600 δόμῳ
223 1543 424 1595 ἐκδίκησιν
447 1541 635 1597 Ἀτρεῖδαι
660 1547 830 1597 βασιλεῖς
856 1546 1222 1592 κατασκευάζουσιν.
1269 1542 1338 1584 Ἐν
1366 1544 1470 1601 τόπῳ
1496 1550 1613 1585 καθι-

85 1604 220 1642 στάναι
252 1604 316 1643 δεῖ
342 1608 469 1657 χεῖρας
500 1604 597 1656 πρὸς
630 1604 803 1656 οὐρανὸν
835 1604 1046 1657 αἰρόμενον
1072 1604 1278 1656 Δομέτιον,
1311 1605 1372 1644 ὅτε
1405 1604 1510 1657 παρὰ
1538 1612 1613 1644 τῶν

84 1662 273 1715 βασιλέων
307 1664 500 1715 Μαρτίων
533 1664 670 1717 λώροις
703 1664 932 1716 ἐμαστίζετο.
991 1660 1107 1704 Τοῦτ’
1131 1663 1254 1713 ἔσται,
1286 1663 1364 1716 ἤδη
1397 1663 1520 1716 δόμον
1552 1664 1613 1704 ἐκ-

85 1723 240 1774 δίκησιν
278 1725 460 1775 βασιλεῖς.
507 1719 575 1762 Ἐν
613 1727 665 1762 τῶ
704 1722 818 1780 ἑτέρῳ
855 1724 960 1779 τόπῳ
1002 1725 1191 1764 Αἴσωπον
1232 1723 1369 1764 θετέον
1407 1723 1472 1763 καὶ
1505 1725 1615 1776 Κύμ-

84 1783 182 1834 βρον
219 1781 285 1822 καὶ
321 1781 599 1834 κοσμουμενην
636 1782 679 1822 ἐν
712 1790 757 1839 τῆ
790 1785 918 1857 πλάνῃ
955 1783 1026 1835 τὴν
1056 1780 1300 1836 Ἰφιγένειαν.
1353 1780 1468 1823 Τοῦτ’
1499 1783 1617 1835 ἔσται,

81 1838 268 1894 Ἀτρεῖδαι
299 1842 638 1889 κατασκευάζουσι.
691 1846 843 1883 Τοῦτον
876 1843 943 1883 τὸν
971 1843 1116 1896 τρόπον
1144 1844 1184 1882 οἵ
1206 1843 1314 1896 λόγοι
1340 1844 1483 1891 πάντες
1509 1843 1616 1883 ἔσον-

84 1917 146 1940 ται
182 1901 349 1952 ε’κδηλοι.
395 1897 495 1940 Ἀλλ’
526 1902 625 1953 αὕτη
663 1900 687 1954 ἡ
727 1909 803 1942 τῶν
837 1903 1001 1943 εἰκόνων
1035 1903 1318 1955 συμμόρφωσις
1351 1903 1452 1943 οὕτω
1484 1916 1615 1955 χρησι-

85 1961 210 2011 μεύει,
251 1959 301 2000 ἂν
338 1960 410 2012 τὴν
448 1961 625 2012 φυσικὴν
657 1962 820 2014 μνήμην
853 1962 1124 2015 ἀνανήψωμεν
1156 1963 1277 2018 ταύτῃ
1315 1969 1360 2018 τῇ
1400 1963 1616 2014 σημειώσει,

87 2020 152 2058 ἵνα
190 2021 320 2072 στίχου
358 2020 588 2072 τεθειμένου
627 2021 739 2061 αὐτοὶ
776 2018 841 2093 ἐφ’
872 2021 1022 2062 ἑαυτῶν
1059 2028 1214 2074 πρῶτον
1248 2022 1518 2075 μετερχώμεθα
1556 2023 1616 2070 δὶς

87 2077 110 2130 ἢ
149 2078 229 2131 τρὶς
267 2079 335 2118 τὸν
374 2079 494 2119 αὐτὸν
533 2081 683 2132 στίχον,
722 2097 814 2132 μετα
854 2080 894 2120 δὲ
933 2088 1053 2121 ταῦτα
1092 2097 1185 2133 μετα
1228 2088 1304 2121 τῶν
1349 2081 1514 2121 εἰκόνων
1552 2082 1616 2122 καὶ

86 2138 176 2184 τοὺς
214 2138 353 2191 λόγους
388 2138 635 2191 ἐκφήνωμεν.
697 2140 810 2180 Οὕτω
848 2147 893 2196 τῇ
935 2142 1053 2191 φύσει
1098 2140 1331 2193 ὑπηρετήσει
1367 2139 1392 2192 ἡ
1433 2140 1616 2192 μέθοδος.

88 2196 167 2236 Καὶ
191 2213 264 2270 γαρ
290 2196 449 2250 ἑκατέρα
475 2205 544 2250 τῆς
569 2197 700 2252 ἑτέρας
726 2199 987 2252 κεχωρισμένη
1017 2195 1132 2252 ἧττον
1164 2200 1269 2239 ε’σται
1301 2201 1458 2252 βεβαία·
1492 2201 1616 2248 οὕτως

87 2255 206 2307 ὅμως,
238 2255 290 2303 ὡς
323 2253 424 2296 εἶναι
454 2258 495 2297 τὸ
528 2257 647 2298 πλέον
679 2264 748 2310 τῆς
779 2260 972 2311 βοηθείας
1003 2259 1045 2299 ἐν
1072 2266 1117 2315 τῆ
1144 2259 1255 2315 τέχνῃ
1282 2275 1320 2299 τε
1347 2259 1413 2299 καὶ
1439 2260 1614 2316 μεθόδῳ·

85 2315 188 2366 οδὴ
222 2316 420 2356 διδάσκειν
453 2316 526 2357 οὐκ
558 2334 608 2356 αν
641 2317 972 2371 ἐδυσχεράναμεν,
1010 2320 1045 2359 εἰ
1085 2319 1138 2371 μὴ
1177 2319 1409 2371 ἐδεδίειμεν,
1447 2319 1500 2371 μὴ
1539 2319 1615 2359 ἀπὸ

84 2380 153 2426 τῆς
183 2373 368 2427 ἡμετέρας
405 2375 608 2424 ἐκστάντες
639 2377 866 2430 προθέσεως
900 2381 1017 2430 ἡττον
1049 2378 1250 2427 ἐπιδεξίως
1284 2379 1512 2431 τηρήσωμεν
1545 2379 1615 2430 τὴν

84 2440 192 2486 σαφῆ
218 2435 364 2486 ταύτην
390 2441 458 2487 τῆς
487 2437 738 2485 διδασκαλίας
765 2439 997 2491 βραχύτητα.
1034 2435 1143 2478 Ἐπεὶ
1169 2437 1210 2477 δὲ
1238 2439 1471 2491 συμβαίνειν
1497 2439 1614 2478 εἴωθε

85 2499 161 2532 τῶν
205 2493 370 2533 εἰκόνων
410 2510 478 2542 τας
522 2494 594 2547 μὲν
638 2497 781 2549 παγίας
825 2497 890 2537 καὶ
934 2497 1031 2549 πρὸς
1076 2497 1116 2537 τὸ
1161 2502 1286 2537 κινεῖν
1324 2497 1391 2537 τὸν
1428 2496 1557 2550 ημέτε
1526 2514 1615 2538 ιοον

84 2552 270 2605 λογισμὸν
303 2552 613 2605 ἐπιτηδειοτάτας
646 2559 765 2607 εἶναι,
803 2572 871 2604 τας
910 2555 950 2596 δὲ
989 2556 1172 2603 ἀσθενεῖς
1205 2573 1242 2596 τε
1274 2556 1339 2596 καὶ
1371 2558 1519 2609 χαύνας
1551 2558 1615 2597 καὶ

87 2611 195 2663 μόλις
240 2611 463 2664 δυναμένας
508 2613 578 2665 τὴν
618 2615 778 2666 μνήμην
820 2615 1098 2668 ἐγρηγορῆσαι,
1141 2615 1194 2663 ὡς
1238 2615 1288 2655 τὶν
1332 2615 1452 2668 άμφω
1495 2624 1616 2656 ταῦτα

85 2670 274 2723 γένωνται
322 2671 572 2713 ἐπισκεπτέον
623 2672 746 2725 εστίν,
797 2675 881 2725 ἵνα,
931 2676 1147 2726 νοηθείσης
1196 2681 1265 2726 τῆς
1309 2676 1434 2722 αἰτίας
1476 2674 1614 2724 ὁποίας

86 2730 242 2778 εἰκόνας
273 2731 461 2784 φύγωμεν
492 2732 559 2771 καὶ
590 2735 652 2779 αἱς
683 2733 938 2801 χρησώμεθα,
973 2733 1117 2774 εἰδέναι
1149 2735 1375 2786 δυνώμεθα.

203 2799 339 2841 XXII.
393 2803 582 2842 Διδάσκει
614 2797 688 2843 οὖν
719 2802 821 2855 ἡμας
853 2803 877 2856 ἡ
911 2806 1031 2856 φύσις
1065 2805 1164 2856 αὐτὴ
1201 2805 1242 2844 τὸ
1280 2812 1493 2858 προσηκον.
1538 2804 1612 2847 Ὰν

85 2861 156 2913 γάρ
197 2876 285 2900 τινα
324 2863 532 2915 πράγματα
573 2862 615 2902 ἐν
656 2869 701 2919 τῇ
742 2861 906 2919 ἡμετέρᾳ
947 2865 1024 2920 ζωῇ
1068 2865 1212 2916 ἴδωμεν
1256 2865 1392 2920 μικρά,
1436 2867 1612 2918 συνήθη,

1643 1064 1685 1093 32

1641 2448 1684 2478 35
