2003 3116
302 118 380 158 17«)
877 115 1244 149 PROLEGOMENA.

295 225 566 278 intendimus,
591 223 711 265 breui
738 222 1021 264 subiectione'
1049 221 1177 278 (conf.
1204 221 1329 264 edicti
1355 223 1537 264 censorii
1564 238 1594 264 s.
1616 238 1645 264 s.
1663 239 1702 278 p.
1726 224 1808 266 144

294 297 425 337 uerba
458 291 681 350 extrema),
713 294 780 344 31,
802 293 859 335 50
902 292 962 334 esi
996 293 1268 335 ostendemus
1301 294 1346 334 in
1385 293 1537 347 quibus
1575 295 1808 336 commodis

292 365 496 406 fuerimus
539 364 776 418 quibusque
818 364 1098 406 incommodis
1142 364 1291 418 simus,
1337 364 1642 418 conparatione
1680 364 1808 420 (conf.

294 434 445 491 7,10).
492 434 554 476 III
589 436 635 490 8,
664 435 718 477 15
763 434 1140 477 ‘Conclusionibus
1184 435 1386 477 breuibus
1431 436 1600 476 utemur
1644 450 1809 477 enume-

293 507 458 547 ratione
492 506 544 547 ad
578 507 736 547 exitum
765 505 951 561 causae',
987 507 1052 560 13,
1073 507 1128 548 23
1162 506 1429 548 ‘distributio
1463 509 1528 547 est
1560 507 1602 547 in
1635 509 1809 548 eonten-

292 578 408 619 tione
442 577 579 618 oratio
612 577 810 632 frequens
844 592 939 620 cum
978 578 1087 619 raris
1127 579 1168 618 et
1207 577 1408 619 breuibus
1446 577 1689 619 interuallis
1723 577 1810 619 acri

293 648 623 690 uociferatione'
656 647 783 703 (conf.
814 648 880 699 15,
901 650 954 690 27
991 648 1225 690 tsimilibus
1258 648 1410 690 ceteris
1448 647 1597 689 rebus'
1631 663 1663 689 e.
1686 663 1724 704 q.
1745 650 1809 704 s.)‚

292 719 354 761 IV
383 720 454 773 19,
482 720 536 761 26
576 719 819 761 eArticulus
860 720 1014 761 dicitur
1059 734 1151 761 cum
1192 720 1359 774 singula
1403 720 1534 760 uerba
1571 719 1808 760 interuallis

294 791 611 846 distinguentur
660 806 783 833 caesa
822 790 1048 832 oratione'.
1117 791 1312 832 Ablatiui
1352 790 1538 832 absoluti
1585 790 1809 845 gerundiui

292 862 337 903 hi
371 865 470 903 sunt
500 862 611 903 inter
645 877 689 904 se
722 863 1005 916 conparandi:
1037 861 1102 903 III
1133 863 1198 917 14,
1218 861 1274 903 25
1313 861 1476 902 ‘uerbis
1510 861 1808 903 continuandis

294 947 441 975 uocem
476 933 671 988 augere':
704 935 748 984 4,
770 934 794 975 8
836 932 1194 975 ‘confirmatione
1234 935 1276 974 et
1314 932 1610 974 confutatione
1649 933 1819 973 utemur

295 1004 453 1045 nostris
487 1004 593 1046 locis
628 1019 733 1059 quos
769 1007 865 1046 ante
899 1004 1192 1060 {ostendimus⁷
1230 1003 1549 1057 confirmandis,
1591 1002 1816 1044 contrariis

296 1074 608 1117 confutandis':
635 1075 707 1129 17,
725 1076 777 1117 11
807 1075 1103 1117 ‘Exordienda
1130 1090 1259 1117 causa
1292 1075 1547 1116 seruandum
1575 1072 1660 1115 est'
1688 1089 1720 1115 e.
1735 1089 1770 1128 q.
1788 1088 1817 1115 s,

414 1145 462 1186 In
514 1160 667 1201 genere
720 1147 1054 1198 obseruandum,
1105 1146 1217 1201 quod
1268 1146 1394 1187 sicuti
1444 1144 1662 1199 Vergilius
1712 1144 1819 1185 dixit

298 1217 445 1258 ‘triste
479 1217 602 1271 lupus
636 1218 856 1272 stabulis',
896 1218 957 1259 ita
995 1218 1047 1259 ad
1086 1217 1186 1259 Her.
1207 1217 1273 1258 ΙΙΙ
1297 1217 1444 1271 12722
1487 1215 1627 1257 tUtile
1665 1218 1730 1256 est
1767 1215 1819 1256 ad

296 1288 597 1329 firmitudinem
633 1289 778 1330 sedat-a
811 1303 894 1330 uox
927 1289 969 1330 in
1002 1289 1044 1331 in
1078 1288 1330 1343 principio':
1364 1288 1498 1328 multo
1535 1286 1664 1327 etiam
1692 1286 1818 1327 auda-

296 1360 384 1401 cius
412 1360 586 1414 ponitur
614 1360 680 1415 11,
705 1360 756 1401 19
792 1359 945 1401 eunum
967 1360 1017 1401 de
1040 1360 1227 1415 quinque
1248 1358 1394 1400 rebus’
1422 1358 1464 1398 II
1486 1358 1553 1409 30,
1568 1357 1623 1398 49
1652 1356 1819 1398 eearum

295 1445 435 1472 rerum
470 1431 661 1485 aliquid’.
701 1431 811 1474 conf.
833 1430 998 1473 Keilius
1025 1432 1051 1473 1.
1074 1446 1103 1473 s.
1126 1446 1156 1472 s.
1178 1446 1215 1485 p.
1238 1432 1274 1473 8.

68 1510 112 1534 De
133 1507 299 1535 adieetiuisf
422 1501 472 1543 In
507 1502 729 1544 adiectiuis
762 1503 997 1545 notandum
1033 1502 1144 1558 quod
1171 1503 1354 1556 perfidus
1389 1501 1648 1542 uocabulum
1680 1514 1820 1554 asper-

295 1576 421 1615 natus
454 1574 600 1628 posuit
622 1575 872 1627 perfidiosus
904 1573 923 1614 I
951 1573 990 1628 5,
1011 1574 1035 1615 8
1069 1572 1130 1615 IV
1160 1574 1226 1628 18,
1247 1573 1313 1614 25.
1353 1572 1414 1625 15,
1431 1572 1506 1613 22:
1532 1586 1660 1626 quare
1681 1570 1820 1623 113,5

296 1645 370 1685 ubi
414 1645 528 1686 solus
566 1645 593 1686 b
636 1645 768 1686 habet
801 1646 1091 1700 perfidiosum,
1131 1644 1286 1699 reliqui
1320 1644 1526 1697 perfidmn
1566 1643 1683 1683 illum
1728 1642 1818 1683 cod.

297 1730 442 1756 sumus
477 1716 622 1757 secuti.
685 1715 745 1756 At
778 1715 838 1757 IV
867 1717 1013 1770 22‚31
1049 1722 1095 1757 Μ
1132 1716 1303 1757 habuit:
1343 1714 1542 1756 eVariose
1579 1713 1649 1755 hic
1688 1728 1818 1754 unum

298 1801 454 1828 nomen
499 1787 542 1827 in
591 1788 924 1828 commutatione
976 1802 1153 1829 casuum
1203 1787 1446 1828 uolutatum
1499 1783 1603 1826 est':
1654 1784 1750 1825 inde
1796 1799 1820 1824 a

298 1872 407 1899 saec.
435 1857 495 1899 IX
528 1857 642 1900 docti
675 1861 951 1900 correxerunt
990 1858 1124 1901 Varie.
1179 1858 1275 1913 Ego
1304 1857 1403 1898 dum
1430 1856 1524 1912 quis
1556 1856 1677 1896 illam
1706 1855 1818 1896 litte-

298 1944 441 1970 rarum
475 1930 790 1985 corruptionem
822 1930 946 1971 bonis
979 1944 1080 1971 usus
1120 1929 1362 1971 rationibus
1399 1926 1694 1981 explicauerit‚
1736 1941 1821 1967 ser-

298 2000 483 2041 uandum
499 2001 604 2042 duco
628 2001 796 2044 Variosc
821 2015 1075 2056 comparans
1102 2001 1236 2042 ebrius
1261 2000 1440 2041 ebriosus
1459 1998 1606 2040 dubius
1630 1997 1820 2038 dubiosus

298 2073 470 2114 uad-orius
504 2073 718 2114 mem-iosus
757 2073 853 2114 alia.
915 2072 1141 2114 Praeterea
1180 2086 1275 2113 cum
1314 2070 1588 2112 inueniantur
1611 2068 1821 2122 paruulus

299 2145 552 2186 celeriuscule
590 2144 772 2185 tcmtulus
809 2144 1073 2198 quantulmn,
1117 2144 1143 2184 b
1189 2142 1278 2184 cod.
1318 2141 1452 2183 secuti
1491 2154 1635 2182 sumus
1674 2145 1739 2180 ter
1776 2139 1819 2180 in

300 2215 507 2256 uocabulo
529 2215 836 2268 alicfflamnlum
854 2214 917 2256 IV
938 2215 1059 2268 9,13.
1093 2214 1244 2268 26,35.
1275 2213 1344 2268 56,
1360 2213 1426 2254 69.
1471 2211 1655 2252 Datiuus
1684 2209 1820 2251 etotae

300 2285 381 2326 rei’
416 2285 476 2326 IV
504 2287 651 2339 48‚61
701 2286 980 2340 conferendus
1020 2288 1086 2327 est
1124 2285 1262 2326 ‘totae
1306 2282 1491 2324 insulae'
1530 2282 1641 2336 apud
1679 2279 1820 2334 Nepo-

301 2360 386 2397 tem
414 2355 494 2397 XX
521 2358 559 2411 3,
579 2358 605 2398 ,⁶2
638 2357 708 2412 qui
729 2356 810 2398 XX
833 2358 911 2407 1‚4
944 2355 1351 2410 ‘praeclarissimum
1377 2352 1571 2406 factum³5
1592 2351 1820 2406 scripserit,

303 2443 397 2469 cum
425 2427 623 2469 similiter
649 2428 818 2482 legatur
845 2428 1005 2469 dictum
1033 2427 1084 2468 ad
1111 2426 1210 2467 Her.
1237 2425 1300 2467 IV
1320 2424 1455 2479 55,68
1484 2423 1669 2464 ‘facinus
1695 2436 1819 2476 prae-

303 2498 614 2540 clarissimum'.
677 2499 726 2540 In
765 2498 974 2540 uocabulo
1012 2498 1089 2539 aliz·
1129 2495 1552 2538 animaduertendum
1586 2496 1667 2547 est,
1709 2493 1819 2547 quod

303 2570 429 2611 sicuti
463 2570 713 2624 saepissime
747 2569 857 2625 apud
895 2568 1063 2611 Liuium
1104 2568 1216 2609 idem
1255 2569 1320 2608 est
1359 2569 1483 2621 atque
1521 2565 1668 2618 reliqui
1703 2564 1821 2605 ceteri

304 2641 437 2682 ueluti
470 2641 489 2682 Ι
517 2642 554 2694 6,
581 2642 632 2682 10
665 2640 765 2682 ‘nos
798 2655 885 2682 non
918 2640 1063 2681 eodem
1094 2639 1232 2693 mode,
1264 2641 1312 2680 ut
1337 2638 1454 2679 ceteri
1480 2636 1658 2688 soleant,
1689 2634 1820 2674 uerba

304 2712 509 2752 facturos:
543 2712 642 2766 quid
675 2712 754 2753 alii
786 2711 965 2764 soleant,
998 2710 1098 2765 quid
1130 2724 1208 2751 nos
1240 2709 1395 2750 facturi
1428 2722 1589 2759 sumus,
1630 2705 1820 2745 breuiter

304 2781 592 2835 exponemus,²
653 2782 716 2824 IV
744 2783 813 2837 39,
833 2782 885 2823 51
922 2781 1063 2822 ‘arma
1096 2780 1169 2835 qui
1206 2782 1355 2821 contra
1392 2778 1581 2820 tulerunt
1613 2809 1621 2816 .
1653 2808 1662 2816 .
1694 2808 1702 2816 .
1733 2777 1819 2815 tru-

304 2852 519 2907 cidantur,
548 2854 664 2894 ceteri
697 2886 703 2893 .
737 2886 745 2894 .
777 2885 785 2892 .
819 2852 1043 2905 rapiuntur
1076 2852 1119 2892 in
1153 2848 1438 2903 seruitutem'‚
1471 2849 1509 2901 8,
1532 2847 1585 2888 12
1618 2845 1820 2900 ‘optima-
