<?xml version="1.0" encoding="UTF-8"?>
<!DOCTYPE html PUBLIC "-//W3C//DTD XHTML 1.0 Transitional//EN"
    "http://www.w3.org/TR/xhtml1/DTD/xhtml1-transitional.dtd">
<html xmlns="http://www.w3.org/1999/xhtml" xml:lang="en" lang="en">
 <head>
  <title>
</title>
<meta http-equiv="Content-Type" content="text/html;charset=utf-8" />
  <meta name='ocr-system' content='tesseract 3.04.00' />
  <meta name='ocr-capabilities' content='ocr_page ocr_carea ocr_par ocr_line ocrx_word'/>
</head>
<body>
  <div class='ocr_page' id='page_1' title='image "./incertiauctorisd00marxuoft_0063.png"; bbox 0 0 2003 3116; ppageno 0'>
   <div class='ocr_carea' id='block_1_1' title="bbox 668 102 1609 144">
    <p class='ocr_par' dir='ltr' id='par_1_1' title="bbox 668 102 1609 144">
     <span class='ocr_line' id='line_1_1' title="bbox 668 102 1609 144; baseline 0.002 -9"><span class='ocrx_word' id='word_1_1' title='bbox 668 102 1034 137; x_wconf 80' lang='lat' dir='ltr'>PROLEGOMENA.</span> <span class='ocrx_word' id='word_1_2' title='bbox 1553 102 1609 144; x_wconf 74' lang='lat'>49</span> 
     </span>
    </p>
   </div>
   <div class='ocr_carea' id='block_1_2' title="bbox 81 209 1612 2826">
    <p class='ocr_par' dir='ltr' id='par_1_2' title="bbox 81 209 1612 1830">
     <span class='ocr_line' id='line_1_2' title="bbox 90 209 1610 266; baseline 0.001 -14"><span class='ocrx_word' id='word_1_3' title='bbox 90 214 260 264; x_wconf 72' lang='lat' dir='ltr'>repetere</span> <span class='ocrx_word' id='word_1_4' title='bbox 295 209 339 252; x_wconf 91' lang='grc' dir='ltr'>Π</span> <span class='ocrx_word' id='word_1_5' title='bbox 373 211 445 266; x_wconf 91' lang='grc'>13,</span> <span class='ocrx_word' id='word_1_6' title='bbox 474 212 544 266; x_wconf 89' lang='grc'>19,</span> <span class='ocrx_word' id='word_1_7' title='bbox 587 226 666 265; x_wconf 88' lang='lat' dir='ltr'>pro</span> <span class='ocrx_word' id='word_1_8' title='bbox 702 214 925 253; x_wconf 60' lang='lat' dir='ltr'>vertamur:</span> <span class='ocrx_word' id='word_1_9' title='bbox 968 215 1215 254; x_wconf 75' lang='lat' dir='ltr'>reuertemur</span> <span class='ocrx_word' id='word_1_10' title='bbox 1251 211 1318 253; x_wconf 92' lang='grc' dir='ltr'>ΠΙ</span> <span class='ocrx_word' id='word_1_11' title='bbox 1352 213 1389 266; x_wconf 92' lang='grc'>7,</span> <span class='ocrx_word' id='word_1_12' title='bbox 1426 213 1495 266; x_wconf 98' lang='grc'>14,</span> <span class='ocrx_word' id='word_1_13' title='bbox 1533 227 1610 266; x_wconf 89' lang='lat' dir='ltr'>pro</span> 
     </span>
     <span class='ocr_line' id='line_1_3' title="bbox 87 281 1612 337; baseline 0 -14"><span class='ocrx_word' id='word_1_14' title='bbox 87 281 256 335; x_wconf 73' lang='lat' dir='ltr'>fuyisse:</span> <span class='ocrx_word' id='word_1_15' title='bbox 293 281 479 335; x_wconf 69' lang='lat' dir='ltr'>effuyz’sse</span> <span class='ocrx_word' id='word_1_16' title='bbox 515 281 557 323; x_wconf 90' lang='grc' dir='ltr'>Π</span> <span class='ocrx_word' id='word_1_17' title='bbox 589 283 637 336; x_wconf 92' lang='grc'>4,</span> <span class='ocrx_word' id='word_1_18' title='bbox 662 283 700 324; x_wconf 88' lang='lat'>6.</span> <span class='ocrx_word' id='word_1_19' title='bbox 764 282 875 324; x_wconf 87' lang='lat' dir='ltr'>Tum</span> <span class='ocrx_word' id='word_1_20' title='bbox 920 283 1262 337; x_wconf 71' lang='lat' dir='ltr'>praepositiones</span> <span class='ocrx_word' id='word_1_21' title='bbox 1301 283 1409 325; x_wconf 87' lang='lat' dir='ltr'>falso</span> <span class='ocrx_word' id='word_1_22' title='bbox 1449 283 1612 324; x_wconf 75' lang='lat' dir='ltr'>addidit</span> 
     </span>
     <span class='ocr_line' id='line_1_4' title="bbox 90 340 1611 409; baseline 0.002 -16"><span class='ocrx_word' id='word_1_23' title='bbox 90 352 158 394; x_wconf 77' lang='lat' dir='ltr'>his</span> <span class='ocrx_word' id='word_1_24' title='bbox 190 352 314 394; x_wconf 68' lang='lat' dir='ltr'>locis:</span> <span class='ocrx_word' id='word_1_25' title='bbox 353 352 416 393; x_wconf 84' lang='lat' dir='ltr'>IV</span> <span class='ocrx_word' id='word_1_26' title='bbox 452 354 516 408; x_wconf 82' lang='lat'><strong>19,</strong></span> <span class='ocrx_word' id='word_1_27' title='bbox 542 354 599 395; x_wconf 79' lang='lat'>26</span> <span class='ocrx_word' id='word_1_28' title='bbox 631 354 682 395; x_wconf 70' lang='lat' dir='ltr'>ab</span> <span class='ocrx_word' id='word_1_29' title='bbox 713 355 869 408; x_wconf 74' lang='lat' dir='ltr'>altero,</span> <span class='ocrx_word' id='word_1_30' title='bbox 900 353 921 394; x_wconf 88' lang='lat' dir='ltr'>I</span> <span class='ocrx_word' id='word_1_31' title='bbox 953 355 991 408; x_wconf 82' lang='lat'>6,</span> <span class='ocrx_word' id='word_1_32' title='bbox 1021 355 1074 396; x_wconf 87' lang='lat'>10</span> <span class='ocrx_word' id='word_1_33' title='bbox 1105 340 1133 396; x_wconf 65' lang='grc' dir='ltr'><em>ὰ</em></span> <span class='ocrx_word' id='word_1_34' title='bbox 1163 355 1328 408; x_wconf 76' lang='lat' dir='ltr'>fabula,</span> <span class='ocrx_word' id='word_1_35' title='bbox 1359 354 1421 395; x_wconf 89' lang='lat' dir='ltr'>IV</span> <span class='ocrx_word' id='word_1_36' title='bbox 1454 356 1529 409; x_wconf 81' lang='lat'>31,</span> <span class='ocrx_word' id='word_1_37' title='bbox 1553 355 1611 396; x_wconf 81' lang='lat'>42</span> 
     </span>
     <span class='ocr_line' id='line_1_5' title="bbox 91 424 1611 478; baseline 0.001 -14"><span class='ocrx_word' id='word_1_38' title='bbox 91 427 167 464; x_wconf 89' lang='lat' dir='ltr'>aut</span> <span class='ocrx_word' id='word_1_39' title='bbox 197 424 242 464; x_wconf 73' lang='lat' dir='ltr'>in</span> <span class='ocrx_word' id='word_1_40' title='bbox 269 448 322 452; x_wconf 90' lang='lat'>—</span> <span class='ocrx_word' id='word_1_41' title='bbox 350 426 424 464; x_wconf 83' lang='lat' dir='ltr'>aut</span> <span class='ocrx_word' id='word_1_42' title='bbox 456 425 513 477; x_wconf 71' lang='lat' dir='ltr'>in,</span> <span class='ocrx_word' id='word_1_43' title='bbox 544 425 614 478; x_wconf 89' lang='lat'>44,</span> <span class='ocrx_word' id='word_1_44' title='bbox 640 425 695 466; x_wconf 97' lang='grc'>57</span> <span class='ocrx_word' id='word_1_45' title='bbox 727 439 802 478; x_wconf 87' lang='lat' dir='ltr'>per</span> <span class='ocrx_word' id='word_1_46' title='bbox 830 449 879 454; x_wconf 93' lang='lat'>—</span> <span class='ocrx_word' id='word_1_47' title='bbox 908 427 952 465; x_wconf 90' lang='lat' dir='ltr'>et</span> <span class='ocrx_word' id='word_1_48' title='bbox 975 439 1062 478; x_wconf 69' lang='lat' dir='ltr'>per,</span> <span class='ocrx_word' id='word_1_49' title='bbox 1094 424 1157 466; x_wconf 83' lang='lat' dir='ltr'>IV</span> <span class='ocrx_word' id='word_1_50' title='bbox 1183 426 1222 477; x_wconf 88' lang='lat'>9,</span> <span class='ocrx_word' id='word_1_51' title='bbox 1251 426 1303 467; x_wconf 87' lang='lat'>13</span> <span class='ocrx_word' id='word_1_52' title='bbox 1334 427 1381 467; x_wconf 73' lang='lat' dir='ltr'>in</span> <span class='ocrx_word' id='word_1_53' title='bbox 1414 426 1611 468; x_wconf 87' lang='lat' dir='ltr'>omnibus</span> 
     </span>
     <span class='ocr_line' id='line_1_6' title="bbox 91 494 1612 549; baseline 0.001 -14"><span class='ocrx_word' id='word_1_54' title='bbox 91 494 231 549; x_wconf 91' lang='lat' dir='ltr'>rebus,</span> <span class='ocrx_word' id='word_1_55' title='bbox 262 494 284 536; x_wconf 93' lang='lat' dir='ltr'>I</span> <span class='ocrx_word' id='word_1_56' title='bbox 317 495 355 548; x_wconf 86' lang='lat'>7,</span> <span class='ocrx_word' id='word_1_57' title='bbox 384 496 435 536; x_wconf 94' lang='lat'>11</span> <span class='ocrx_word' id='word_1_58' title='bbox 464 495 509 536; x_wconf 74' lang='lat' dir='ltr'>in</span> <span class='ocrx_word' id='word_1_59' title='bbox 536 495 791 536; x_wconf 82' lang='lat' dir='ltr'>exordienda</span> <span class='ocrx_word' id='word_1_60' title='bbox 818 510 957 549; x_wconf 88' lang='lat' dir='ltr'>causa,</span> <span class='ocrx_word' id='word_1_61' title='bbox 988 494 1055 536; x_wconf 90' lang='grc' dir='ltr'>ΠΙ</span> <span class='ocrx_word' id='word_1_62' title='bbox 1090 497 1155 548; x_wconf 89' lang='grc'>16,</span> <span class='ocrx_word' id='word_1_63' title='bbox 1181 497 1236 537; x_wconf 96' lang='grc'>29</span> <span class='ocrx_word' id='word_1_64' title='bbox 1269 498 1314 538; x_wconf 73' lang='lat' dir='ltr'>in</span> <span class='ocrx_word' id='word_1_65' title='bbox 1339 497 1445 537; x_wconf 88' lang='grc'>10013</span> <span class='ocrx_word' id='word_1_66' title='bbox 1474 497 1612 549; x_wconf 84' lang='lat' dir='ltr'>certis,</span> 
     </span>
     <span class='ocr_line' id='line_1_7' title="bbox 94 566 1611 621; baseline 0.001 -15"><span class='ocrx_word' id='word_1_67' title='bbox 94 591 143 595; x_wconf 91' lang='lat'>—</span> <span class='ocrx_word' id='word_1_68' title='bbox 172 566 192 607; x_wconf 93' lang='lat' dir='ltr'>I</span> <span class='ocrx_word' id='word_1_69' title='bbox 228 569 269 616; x_wconf 92' lang='lat'>1,</span> <span class='ocrx_word' id='word_1_70' title='bbox 305 567 325 606; x_wconf 95' lang='lat'><strong>1</strong></span> <span class='ocrx_word' id='word_1_71' title='bbox 373 566 418 606; x_wconf 76' lang='lat' dir='ltr'>in</span> <span class='ocrx_word' id='word_1_72' title='bbox 461 566 650 620; x_wconf 85' lang='lat' dir='ltr'>negotiis</span> <span class='ocrx_word' id='word_1_73' title='bbox 696 566 832 607; x_wconf 90' lang='lat' dir='ltr'>sciens</span> <span class='ocrx_word' id='word_1_74' title='bbox 878 566 1033 607; x_wconf 91' lang='lat' dir='ltr'>omitto</span> <span class='ocrx_word' id='word_1_75' title='bbox 1061 590 1116 595; x_wconf 92' lang='lat'>—</span> <span class='ocrx_word' id='word_1_76' title='bbox 1144 566 1186 607; x_wconf 91' lang='lat' dir='ltr'>II</span> <span class='ocrx_word' id='word_1_77' title='bbox 1222 568 1293 621; x_wconf 90' lang='lat'>13,</span> <span class='ocrx_word' id='word_1_78' title='bbox 1325 568 1382 608; x_wconf 90' lang='lat'>20</span> <span class='ocrx_word' id='word_1_79' title='bbox 1422 569 1469 609; x_wconf 78' lang='grc' dir='ltr'>(ἶο</span> <span class='ocrx_word' id='word_1_80' title='bbox 1508 568 1611 620; x_wconf 85' lang='grc'>1010,</span> 
     </span>
     <span class='ocr_line' id='line_1_8' title="bbox 89 636 1611 691; baseline 0.001 -12"><span class='ocrx_word' id='word_1_81' title='bbox 89 636 153 679; x_wconf 91' lang='lat' dir='ltr'>IV</span> <span class='ocrx_word' id='word_1_82' title='bbox 173 637 242 691; x_wconf 90' lang='grc'>56,</span> <span class='ocrx_word' id='word_1_83' title='bbox 262 637 317 678; x_wconf 87' lang='grc'>69</span> <span class='ocrx_word' id='word_1_84' title='bbox 343 637 391 678; x_wconf 78' lang='lat' dir='ltr'>de</span> <span class='ocrx_word' id='word_1_85' title='bbox 410 637 534 678; x_wconf 84' lang='lat' dir='ltr'>nobis</span> <span class='ocrx_word' id='word_1_86' title='bbox 555 651 640 678; x_wconf 89' lang='lat' dir='ltr'>non</span> <span class='ocrx_word' id='word_1_87' title='bbox 661 636 907 690; x_wconf 77' lang='lat' dir='ltr'>diffidimus,</span> <span class='ocrx_word' id='word_1_88' title='bbox 928 636 1025 678; x_wconf 85' lang='lat' dir='ltr'>aliis</span> <span class='ocrx_word' id='word_1_89' title='bbox 1046 637 1151 678; x_wconf 91' lang='grc'>10013</span> <span class='ocrx_word' id='word_1_90' title='bbox 1173 639 1457 680; x_wconf 86' lang='lat' dir='ltr'>commutauit</span> <span class='ocrx_word' id='word_1_91' title='bbox 1477 639 1611 680; x_wconf 87' lang='lat' dir='ltr'>ueluti</span> 
     </span>
     <span class='ocr_line' id='line_1_9' title="bbox 88 707 1612 763; baseline 0 -13"><span class='ocrx_word' id='word_1_92' title='bbox 88 707 132 749; x_wconf 94' lang='lat' dir='ltr'>II</span> <span class='ocrx_word' id='word_1_93' title='bbox 161 709 229 763; x_wconf 89' lang='lat'><strong>19,</strong></span> <span class='ocrx_word' id='word_1_94' title='bbox 254 708 308 749; x_wconf 83' lang='lat'>29</span> <span class='ocrx_word' id='word_1_95' title='bbox 341 707 415 748; x_wconf 89' lang='lat' dir='ltr'>ubi</span> <span class='ocrx_word' id='word_1_96' title='bbox 440 722 517 762; x_wconf 91' lang='lat' dir='ltr'>pro</span> <span class='ocrx_word' id='word_1_97' title='bbox 542 721 634 749; x_wconf 81' lang='lat' dir='ltr'>cum</span> <span class='ocrx_word' id='word_1_98' title='bbox 665 721 791 749; x_wconf 75' lang='lat' dir='ltr'>causa</span> <span class='ocrx_word' id='word_1_99' title='bbox 815 708 960 763; x_wconf 89' lang='lat' dir='ltr'>posuit</span> <span class='ocrx_word' id='word_1_100' title='bbox 990 708 1173 750; x_wconf 88' lang='lat' dir='ltr'>barbare</span> <span class='ocrx_word' id='word_1_101' title='bbox 1204 710 1252 750; x_wconf 80' lang='lat' dir='ltr'>de</span> <span class='ocrx_word' id='word_1_102' title='bbox 1283 723 1421 762; x_wconf 74' lang='lat' dir='ltr'>causa,</span> <span class='ocrx_word' id='word_1_103' title='bbox 1454 708 1516 750; x_wconf 79' lang='lat' dir='ltr'>IV</span> <span class='ocrx_word' id='word_1_104' title='bbox 1542 710 1612 762; x_wconf 82' lang='lat'><strong>40,</strong></span> 
     </span>
     <span class='ocr_line' id='line_1_10' title="bbox 89 778 1610 834; baseline 0.001 -15"><span class='ocrx_word' id='word_1_105' title='bbox 89 780 145 820; x_wconf 95' lang='grc'>52</span> <span class='ocrx_word' id='word_1_106' title='bbox 170 794 249 834; x_wconf 89' lang='lat' dir='ltr'>pro</span> <span class='ocrx_word' id='word_1_107' title='bbox 276 780 323 820; x_wconf 80' lang='lat' dir='ltr'>de</span> <span class='ocrx_word' id='word_1_108' title='bbox 341 779 547 832; x_wconf 63' lang='lat' dir='ltr'>partibus:</span> <span class='ocrx_word' id='word_1_109' title='bbox 578 779 624 819; x_wconf 70' lang='lat' dir='ltr'>in</span> <span class='ocrx_word' id='word_1_110' title='bbox 647 779 851 832; x_wconf 72' lang='lat' dir='ltr'>partibus.</span> <span class='ocrx_word' id='word_1_111' title='bbox 903 778 983 820; x_wconf 83' lang='lat' dir='ltr'>Sed</span> <span class='ocrx_word' id='word_1_112' title='bbox 1011 794 1156 821; x_wconf 89' lang='lat' dir='ltr'>omnes</span> <span class='ocrx_word' id='word_1_113' title='bbox 1185 780 1395 821; x_wconf 85' lang='lat' dir='ltr'>eiusmodi</span> <span class='ocrx_word' id='word_1_114' title='bbox 1422 781 1504 821; x_wconf 88' lang='lat' dir='ltr'>loci</span> <span class='ocrx_word' id='word_1_115' title='bbox 1530 780 1610 821; x_wconf 82' lang='grc'>1100</span> 
     </span>
     <span class='ocr_line' id='line_1_11' title="bbox 90 849 1610 904; baseline 0.001 -14"><span class='ocrx_word' id='word_1_116' title='bbox 90 850 141 891; x_wconf 86' lang='grc'>(10</span> <span class='ocrx_word' id='word_1_117' title='bbox 173 864 302 891; x_wconf 87' lang='lat' dir='ltr'>causa</span> <span class='ocrx_word' id='word_1_118' title='bbox 333 853 424 890; x_wconf 88' lang='lat' dir='ltr'>tam</span> <span class='ocrx_word' id='word_1_119' title='bbox 457 849 653 891; x_wconf 82' lang='lat' dir='ltr'>difficiles</span> <span class='ocrx_word' id='word_1_120' title='bbox 687 853 806 904; x_wconf 87' lang='lat' dir='ltr'>sunt,</span> <span class='ocrx_word' id='word_1_121' title='bbox 839 851 951 904; x_wconf 89' lang='lat' dir='ltr'>quod</span> <span class='ocrx_word' id='word_1_122' title='bbox 985 851 1204 892; x_wconf 86' lang='lat' dir='ltr'>nonnullis</span> <span class='ocrx_word' id='word_1_123' title='bbox 1236 851 1342 893; x_wconf 89' lang='grc'>10013</span> <span class='ocrx_word' id='word_1_124' title='bbox 1374 852 1610 893; x_wconf 87' lang='lat' dir='ltr'>rectissime</span> 
     </span>
     <span class='ocr_line' id='line_1_12' title="bbox 88 921 1609 978; baseline 0.001 -16"><span class='ocrx_word' id='word_1_125' title='bbox 88 927 124 962; x_wconf 84' lang='lat' dir='ltr'>E</span> <span class='ocrx_word' id='word_1_126' title='bbox 156 921 498 976; x_wconf 74' lang='lat' dir='ltr'>praepositiones</span> <span class='ocrx_word' id='word_1_127' title='bbox 538 921 701 962; x_wconf 89' lang='lat' dir='ltr'>addidit</span> <span class='ocrx_word' id='word_1_128' title='bbox 737 921 783 962; x_wconf 86' lang='lat' dir='ltr'>in</span> <span class='ocrx_word' id='word_1_129' title='bbox 814 927 860 962; x_wconf 87' lang='lat' dir='ltr'>M</span> <span class='ocrx_word' id='word_1_130' title='bbox 897 922 1081 963; x_wconf 86' lang='lat' dir='ltr'>omissas</span> <span class='ocrx_word' id='word_1_131' title='bbox 1120 923 1257 964; x_wconf 86' lang='lat' dir='ltr'>ueluti</span> <span class='ocrx_word' id='word_1_132' title='bbox 1292 922 1353 963; x_wconf 86' lang='lat' dir='ltr'>IV</span> <span class='ocrx_word' id='word_1_133' title='bbox 1387 924 1460 978; x_wconf 87' lang='lat'>32,</span> <span class='ocrx_word' id='word_1_134' title='bbox 1487 924 1544 964; x_wconf 82' lang='lat'>44</span> <span class='ocrx_word' id='word_1_135' title='bbox 1575 929 1609 963; x_wconf 86' lang='lat' dir='ltr'>E</span> 
     </span>
     <span class='ocr_line' id='line_1_13' title="bbox 84 993 1610 1046; baseline 0.001 -13"><span class='ocrx_word' id='word_1_136' title='bbox 84 996 200 1034; x_wconf 86' lang='lat' dir='ltr'>recte</span> <span class='ocrx_word' id='word_1_137' title='bbox 230 993 384 1034; x_wconf 67' lang='lat' dir='ltr'>uirtute</span> <span class='ocrx_word' id='word_1_138' title='bbox 405 1006 490 1046; x_wconf 69' lang='lat' dir='ltr'>pro</span> <span class='ocrx_word' id='word_1_139' title='bbox 516 996 672 1043; x_wconf 70' lang='lat' dir='ltr'>uestra,</span> <span class='ocrx_word' id='word_1_140' title='bbox 703 998 765 1032; x_wconf 88' lang='lat' dir='ltr'>M:</span> <span class='ocrx_word' id='word_1_141' title='bbox 797 993 950 1034; x_wconf 66' lang='lat' dir='ltr'>uirtute</span> <span class='ocrx_word' id='word_1_142' title='bbox 979 996 1133 1034; x_wconf 68' lang='lat' dir='ltr'>uestra:</span> <span class='ocrx_word' id='word_1_143' title='bbox 1168 994 1271 1034; x_wconf 90' lang='lat' dir='ltr'>item</span> <span class='ocrx_word' id='word_1_144' title='bbox 1304 993 1371 1035; x_wconf 89' lang='lat' dir='ltr'>illi</span> <span class='ocrx_word' id='word_1_145' title='bbox 1403 998 1516 1036; x_wconf 84' lang='lat' dir='ltr'>recte</span> <span class='ocrx_word' id='word_1_146' title='bbox 1547 993 1610 1035; x_wconf 71' lang='lat' dir='ltr'>IV</span> 
     </span>
     <span class='ocr_line' id='line_1_14' title="bbox 85 1061 1608 1120; baseline 0.001 -15"><span class='ocrx_word' id='word_1_147' title='bbox 85 1064 155 1118; x_wconf 88' lang='lat'>22,</span> <span class='ocrx_word' id='word_1_148' title='bbox 176 1064 232 1106; x_wconf 88' lang='lat'>30</span> <span class='ocrx_word' id='word_1_149' title='bbox 258 1065 303 1105; x_wconf 76' lang='lat' dir='ltr'>in</span> <span class='ocrx_word' id='word_1_150' title='bbox 324 1064 480 1118; x_wconf 83' lang='lat' dir='ltr'>uerbis,</span> <span class='ocrx_word' id='word_1_151' title='bbox 506 1063 571 1105; x_wconf 89' lang='lat' dir='ltr'>III</span> <span class='ocrx_word' id='word_1_152' title='bbox 591 1064 660 1117; x_wconf 87' lang='lat'>23,</span> <span class='ocrx_word' id='word_1_153' title='bbox 681 1064 735 1106; x_wconf 79' lang='lat'>38</span> <span class='ocrx_word' id='word_1_154' title='bbox 757 1062 886 1118; x_wconf 79' lang='lat' dir='ltr'>(conf.</span> <span class='ocrx_word' id='word_1_155' title='bbox 907 1064 976 1117; x_wconf 87' lang='grc'>24,</span> <span class='ocrx_word' id='word_1_156' title='bbox 995 1061 1073 1120; x_wconf 87' lang='grc'>40)</span> <span class='ocrx_word' id='word_1_157' title='bbox 1094 1065 1140 1105; x_wconf 74' lang='lat' dir='ltr'>in</span> <span class='ocrx_word' id='word_1_158' title='bbox 1159 1064 1435 1119; x_wconf 83' lang='lat' dir='ltr'>imaginibus,</span> <span class='ocrx_word' id='word_1_159' title='bbox 1461 1064 1504 1106; x_wconf 93' lang='grc' dir='ltr'>ΙΙ</span> <span class='ocrx_word' id='word_1_160' title='bbox 1523 1067 1563 1119; x_wconf 86' lang='grc'>4,</span> <span class='ocrx_word' id='word_1_161' title='bbox 1585 1067 1608 1107; x_wconf 90' lang='grc'>7</span> 
     </span>
     <span class='ocr_line' id='line_1_15' title="bbox 81 1135 1610 1190; baseline 0.001 -14"><span class='ocrx_word' id='word_1_162' title='bbox 81 1149 130 1176; x_wconf 76' lang='lat' dir='ltr'>ex</span> <span class='ocrx_word' id='word_1_163' title='bbox 162 1135 298 1177; x_wconf 86' lang='lat' dir='ltr'>altera</span> <span class='ocrx_word' id='word_1_164' title='bbox 335 1138 480 1190; x_wconf 89' lang='lat' dir='ltr'>parte,</span> <span class='ocrx_word' id='word_1_165' title='bbox 521 1135 674 1189; x_wconf 90' lang='lat' dir='ltr'>quibus</span> <span class='ocrx_word' id='word_1_166' title='bbox 713 1135 819 1176; x_wconf 84' lang='lat' dir='ltr'>loeis</span> <span class='ocrx_word' id='word_1_167' title='bbox 852 1135 1052 1177; x_wconf 88' lang='lat' dir='ltr'>omnibus</span> <span class='ocrx_word' id='word_1_168' title='bbox 1091 1150 1140 1176; x_wconf 81' lang='lat' dir='ltr'>ex</span> <span class='ocrx_word' id='word_1_169' title='bbox 1174 1136 1412 1177; x_wconf 85' lang='lat' dir='ltr'>sententiae</span> <span class='ocrx_word' id='word_1_170' title='bbox 1446 1137 1610 1178; x_wconf 88' lang='lat' dir='ltr'>ratione</span> 
     </span>
     <span class='ocr_line' id='line_1_16' title="bbox 87 1206 1608 1262; baseline 0.001 -14"><span class='ocrx_word' id='word_1_171' title='bbox 87 1209 129 1247; x_wconf 89' lang='lat' dir='ltr'>et</span> <span class='ocrx_word' id='word_1_172' title='bbox 169 1206 475 1248; x_wconf 87' lang='lat' dir='ltr'>consuetudine</span> <span class='ocrx_word' id='word_1_173' title='bbox 518 1206 685 1247; x_wconf 87' lang='lat' dir='ltr'>dicendi</span> <span class='ocrx_word' id='word_1_174' title='bbox 723 1206 844 1247; x_wconf 88' lang='lat' dir='ltr'>litem</span> <span class='ocrx_word' id='word_1_175' title='bbox 886 1207 1079 1248; x_wconf 90' lang='lat' dir='ltr'>codicum</span> <span class='ocrx_word' id='word_1_176' title='bbox 1118 1207 1407 1262; x_wconf 72' lang='lat' dir='ltr'>discrepantia</span> <span class='ocrx_word' id='word_1_177' title='bbox 1448 1211 1608 1249; x_wconf 88' lang='lat' dir='ltr'>motam</span> 
     </span>
     <span class='ocr_line' id='line_1_17' title="bbox 83 1277 1610 1331; baseline 0.001 -13"><span class='ocrx_word' id='word_1_178' title='bbox 83 1278 298 1319; x_wconf 87' lang='lat' dir='ltr'>tollemus.</span> <span class='ocrx_word' id='word_1_179' title='bbox 359 1277 522 1319; x_wconf 84' lang='lat' dir='ltr'>Eadem</span> <span class='ocrx_word' id='word_1_180' title='bbox 563 1278 630 1318; x_wconf 91' lang='lat' dir='ltr'>usi</span> <span class='ocrx_word' id='word_1_181' title='bbox 672 1277 839 1318; x_wconf 83' lang='lat' dir='ltr'>ratione</span> <span class='ocrx_word' id='word_1_182' title='bbox 881 1277 945 1318; x_wconf 89' lang='lat' dir='ltr'>III</span> <span class='ocrx_word' id='word_1_183' title='bbox 980 1279 1051 1331; x_wconf 93' lang='lat'>11,</span> <span class='ocrx_word' id='word_1_184' title='bbox 1080 1278 1136 1319; x_wconf 87' lang='lat'>20</span> <span class='ocrx_word' id='word_1_185' title='bbox 1177 1279 1250 1320; x_wconf 88' lang='lat' dir='ltr'>ubi</span> <span class='ocrx_word' id='word_1_186' title='bbox 1283 1277 1410 1320; x_wconf 85' lang='lat' dir='ltr'>HBC</span> <span class='ocrx_word' id='word_1_187' title='bbox 1447 1278 1610 1320; x_wconf 88' lang='lat' dir='ltr'>habent</span> 
     </span>
     <span class='ocr_line' id='line_1_18' title="bbox 81 1348 1608 1403; baseline 0.002 -13"><span class='ocrx_word' id='word_1_188' title='bbox 81 1352 220 1391; x_wconf 70' lang='lat' dir='ltr'>nostro</span> <span class='ocrx_word' id='word_1_189' title='bbox 250 1349 465 1403; x_wconf 80' lang='lat' dir='ltr'>commodo,</span> <span class='ocrx_word' id='word_1_190' title='bbox 501 1348 625 1390; x_wconf 85' lang='lat' dir='ltr'>PHE</span> <span class='ocrx_word' id='word_1_191' title='bbox 651 1362 731 1401; x_wconf 67' lang='lat' dir='ltr'>pro</span> <span class='ocrx_word' id='word_1_192' title='bbox 762 1351 898 1390; x_wconf 74' lang='lat' dir='ltr'>nostro</span> <span class='ocrx_word' id='word_1_193' title='bbox 928 1350 1134 1390; x_wconf 74' lang='lat' dir='ltr'>commodo</span> <span class='ocrx_word' id='word_1_194' title='bbox 1167 1349 1380 1391; x_wconf 83' lang='lat' dir='ltr'>malumus</span> <span class='ocrx_word' id='word_1_195' title='bbox 1412 1365 1490 1392; x_wconf 87' lang='lat' dir='ltr'>nos</span> <span class='ocrx_word' id='word_1_196' title='bbox 1523 1354 1608 1393; x_wconf 86' lang='lat' dir='ltr'>sta-</span> 
     </span>
     <span class='ocr_line' id='line_1_19' title="bbox 83 1419 1607 1474; baseline 0.003 -13"><span class='ocrx_word' id='word_1_197' title='bbox 83 1424 201 1462; x_wconf 87' lang='lat' dir='ltr'>tuere</span> <span class='ocrx_word' id='word_1_198' title='bbox 228 1420 273 1461; x_wconf 87' lang='lat' dir='ltr'>in</span> <span class='ocrx_word' id='word_1_199' title='bbox 303 1420 371 1461; x_wconf 88' lang='lat' dir='ltr'>his</span> <span class='ocrx_word' id='word_1_200' title='bbox 399 1419 517 1461; x_wconf 86' lang='lat' dir='ltr'>codd.</span> <span class='ocrx_word' id='word_1_201' title='bbox 540 1433 621 1473; x_wconf 74' lang='lat' dir='ltr'>pro</span> <span class='ocrx_word' id='word_1_202' title='bbox 653 1419 764 1460; x_wconf 85' lang='lat' dir='ltr'>falso</span> <span class='ocrx_word' id='word_1_203' title='bbox 798 1419 1011 1461; x_wconf 88' lang='lat' dir='ltr'>adiectum</span> <span class='ocrx_word' id='word_1_204' title='bbox 1045 1434 1174 1474; x_wconf 86' lang='lat' dir='ltr'>quam</span> <span class='ocrx_word' id='word_1_205' title='bbox 1207 1421 1251 1461; x_wconf 91' lang='lat' dir='ltr'>in</span> <span class='ocrx_word' id='word_1_206' title='bbox 1282 1421 1367 1462; x_wconf 89' lang='lat' dir='ltr'>illis</span> <span class='ocrx_word' id='word_1_207' title='bbox 1401 1423 1607 1464; x_wconf 86' lang='lat' dir='ltr'>omissum</span> 
     </span>
     <span class='ocr_line' id='line_1_20' title="bbox 85 1490 1608 1546; baseline 0.003 -14"><span class='ocrx_word' id='word_1_208' title='bbox 85 1491 185 1546; x_wconf 89' lang='lat' dir='ltr'>quia</span> <span class='ocrx_word' id='word_1_209' title='bbox 222 1491 485 1545; x_wconf 76' lang='lat' dir='ltr'>praepositio</span> <span class='ocrx_word' id='word_1_210' title='bbox 523 1504 575 1531; x_wconf 89' lang='lat' dir='ltr'>ne</span> <span class='ocrx_word' id='word_1_211' title='bbox 614 1491 682 1543; x_wconf 86' lang='lat'>23,</span> <span class='ocrx_word' id='word_1_212' title='bbox 709 1490 764 1532; x_wconf 87' lang='lat'>39</span> <span class='ocrx_word' id='word_1_213' title='bbox 808 1490 978 1545; x_wconf 88' lang='lat' dir='ltr'>quidem</span> <span class='ocrx_word' id='word_1_214' title='bbox 1020 1492 1065 1531; x_wconf 90' lang='lat' dir='ltr'>in</span> <span class='ocrx_word' id='word_1_215' title='bbox 1106 1492 1255 1533; x_wconf 89' lang='lat' dir='ltr'>eadem</span> <span class='ocrx_word' id='word_1_216' title='bbox 1293 1492 1509 1535; x_wconf 87' lang='lat' dir='ltr'>locutione</span> <span class='ocrx_word' id='word_1_217' title='bbox 1548 1496 1608 1536; x_wconf 89' lang='lat' dir='ltr'>in-</span> 
     </span>
     <span class='ocr_line' id='line_1_21' title="bbox 83 1561 1610 1619; baseline 0.003 -16"><span class='ocrx_word' id='word_1_218' title='bbox 83 1563 254 1604; x_wconf 87' lang='lat' dir='ltr'>uenitur</span> <span class='ocrx_word' id='word_1_219' title='bbox 280 1562 491 1616; x_wconf 88' lang='lat' dir='ltr'>apposita.</span> <span class='ocrx_word' id='word_1_220' title='bbox 537 1561 602 1602; x_wconf 88' lang='lat' dir='ltr'>Ad</span> <span class='ocrx_word' id='word_1_221' title='bbox 630 1561 749 1603; x_wconf 86' lang='lat' dir='ltr'>codd.</span> <span class='ocrx_word' id='word_1_222' title='bbox 775 1568 810 1601; x_wconf 80' lang='lat' dir='ltr'>E:</span> <span class='ocrx_word' id='word_1_223' title='bbox 838 1576 1065 1616; x_wconf 90' lang='lat' dir='ltr'>sequemur</span> <span class='ocrx_word' id='word_1_224' title='bbox 1089 1561 1152 1603; x_wconf 87' lang='lat' dir='ltr'>IV</span> <span class='ocrx_word' id='word_1_225' title='bbox 1179 1564 1247 1616; x_wconf 89' lang='lat'>26,</span> <span class='ocrx_word' id='word_1_226' title='bbox 1268 1563 1323 1605; x_wconf 88' lang='lat'>36</span> <span class='ocrx_word' id='word_1_227' title='bbox 1351 1566 1424 1619; x_wconf 90' lang='lat' dir='ltr'>qui</span> <span class='ocrx_word' id='word_1_228' title='bbox 1449 1565 1610 1607; x_wconf 88' lang='lat' dir='ltr'>habent</span> 
     </span>
     <span class='ocr_line' id='line_1_22' title="bbox 82 1624 1609 1687; baseline 0.002 -12"><span class='ocrx_word' id='word_1_229' title='bbox 82 1634 285 1675; x_wconf 65' lang='lat' dir='ltr'>invenisset</span> <span class='ocrx_word' id='word_1_230' title='bbox 314 1632 388 1673; x_wconf 91' lang='lat' dir='ltr'>ubi</span> <span class='ocrx_word' id='word_1_231' title='bbox 413 1639 459 1674; x_wconf 91' lang='lat' dir='ltr'>M</span> <span class='ocrx_word' id='word_1_232' title='bbox 489 1633 704 1674; x_wconf 75' lang='lat' dir='ltr'>annuisset</span> <span class='ocrx_word' id='word_1_233' title='bbox 735 1647 784 1673; x_wconf 88' lang='lat' dir='ltr'>ea</span> <span class='ocrx_word' id='word_1_234' title='bbox 812 1633 862 1673; x_wconf 88' lang='lat' dir='ltr'>de</span> <span class='ocrx_word' id='word_1_235' title='bbox 888 1647 1031 1687; x_wconf 90' lang='lat' dir='ltr'>causa,</span> <span class='ocrx_word' id='word_1_236' title='bbox 1064 1634 1177 1687; x_wconf 89' lang='lat' dir='ltr'>quod</span> <span class='ocrx_word' id='word_1_237' title='bbox 1203 1635 1247 1675; x_wconf 86' lang='lat' dir='ltr'>in</span> <span class='ocrx_word' id='word_1_238' title='bbox 1271 1641 1318 1676; x_wconf 88' lang='lat' dir='ltr'>M</span> <span class='ocrx_word' id='word_1_239' title='bbox 1343 1636 1474 1677; x_wconf 85' lang='lat' dir='ltr'>scribi</span> <span class='ocrx_word' id='word_1_240' title='bbox 1501 1624 1609 1678; x_wconf 86' lang='lat' dir='ltr'>solet</span> 
     </span>
     <span class='ocr_line' id='line_1_23' title="bbox 82 1703 1607 1757; baseline 0.002 -11"><span class='ocrx_word' id='word_1_241' title='bbox 82 1705 383 1757; x_wconf 71' lang='lat' dir='ltr'>adnominatio,</span> <span class='ocrx_word' id='word_1_242' title='bbox 420 1719 508 1746; x_wconf 91' lang='lat' dir='ltr'>non</span> <span class='ocrx_word' id='word_1_243' title='bbox 546 1704 832 1745; x_wconf 64' lang='lat' dir='ltr'>anozommatc&#39;o</span> <span class='ocrx_word' id='word_1_244' title='bbox 871 1703 1030 1745; x_wconf 89' lang='lat' dir='ltr'>similia</span> <span class='ocrx_word' id='word_1_245' title='bbox 1061 1719 1139 1746; x_wconf 88' lang='grc'>1100</span> <span class='ocrx_word' id='word_1_246' title='bbox 1171 1705 1195 1746; x_wconf 87' lang='grc'>(1</span> <span class='ocrx_word' id='word_1_247' title='bbox 1235 1707 1422 1748; x_wconf 82' lang='lat' dir='ltr'>litteram</span> <span class='ocrx_word' id='word_1_248' title='bbox 1454 1708 1498 1749; x_wconf 92' lang='lat' dir='ltr'>in</span> <span class='ocrx_word' id='word_1_249' title='bbox 1531 1709 1607 1749; x_wconf 90' lang='lat' dir='ltr'>illo</span> 
     </span>
     <span class='ocr_line' id='line_1_24' title="bbox 83 1775 1364 1830; baseline 0.002 -12"><span class='ocrx_word' id='word_1_250' title='bbox 83 1776 293 1818; x_wconf 79' lang='lat' dir='ltr'>uocabulo</span> <span class='ocrx_word' id='word_1_251' title='bbox 325 1790 378 1817; x_wconf 92' lang='lat' dir='ltr'>ne</span> <span class='ocrx_word' id='word_1_252' title='bbox 411 1789 543 1817; x_wconf 88' lang='lat' dir='ltr'>unum</span> <span class='ocrx_word' id='word_1_253' title='bbox 575 1775 746 1830; x_wconf 87' lang='lat' dir='ltr'>quidem</span> <span class='ocrx_word' id='word_1_254' title='bbox 780 1775 1130 1830; x_wconf 82' lang='lat' dir='ltr'>apographorum</span> <span class='ocrx_word' id='word_1_255' title='bbox 1164 1778 1364 1821; x_wconf 82' lang='lat' dir='ltr'>seruauit.</span> 
     </span>
    </p>

    <p class='ocr_par' dir='ltr' id='par_1_3' title="bbox 82 1846 1609 2826">
     <span class='ocr_line' id='line_1_25' title="bbox 202 1846 1607 1901; baseline 0.004 -14"><span class='ocrx_word' id='word_1_256' title='bbox 202 1846 296 1896; x_wconf 82' lang='lat' dir='ltr'>Qua</span> <span class='ocrx_word' id='word_1_257' title='bbox 333 1847 511 1888; x_wconf 88' lang='lat' dir='ltr'>libidine</span> <span class='ocrx_word' id='word_1_258' title='bbox 550 1847 594 1888; x_wconf 86' lang='lat' dir='ltr'>in</span> <span class='ocrx_word' id='word_1_259' title='bbox 631 1847 1021 1901; x_wconf 86' lang='lat' dir='ltr'>praepositionibus</span> <span class='ocrx_word' id='word_1_260' title='bbox 1060 1848 1263 1890; x_wconf 86' lang='lat' dir='ltr'>addendis</span> <span class='ocrx_word' id='word_1_261' title='bbox 1302 1864 1404 1891; x_wconf 90' lang='lat' dir='ltr'>usus</span> <span class='ocrx_word' id='word_1_262' title='bbox 1443 1854 1509 1892; x_wconf 90' lang='lat' dir='ltr'>est</span> <span class='ocrx_word' id='word_1_263' title='bbox 1547 1867 1607 1893; x_wconf 90' lang='lat' dir='ltr'>re-</span> 
     </span>
     <span class='ocr_line' id='line_1_26' title="bbox 83 1918 1607 1963; baseline 0.002 -3"><span class='ocrx_word' id='word_1_264' title='bbox 83 1933 234 1960; x_wconf 88' lang='lat' dir='ltr'>censor</span> <span class='ocrx_word' id='word_1_265' title='bbox 266 1918 385 1960; x_wconf 89' lang='lat' dir='ltr'>codd.</span> <span class='ocrx_word' id='word_1_266' title='bbox 411 1924 446 1958; x_wconf 85' lang='lat' dir='ltr'>E</span> <span class='ocrx_word' id='word_1_267' title='bbox 480 1918 626 1959; x_wconf 90' lang='lat' dir='ltr'>eadem</span> <span class='ocrx_word' id='word_1_268' title='bbox 658 1932 760 1959; x_wconf 88' lang='lat' dir='ltr'>usus</span> <span class='ocrx_word' id='word_1_269' title='bbox 794 1921 859 1959; x_wconf 87' lang='lat' dir='ltr'>est</span> <span class='ocrx_word' id='word_1_270' title='bbox 891 1919 937 1959; x_wconf 88' lang='lat' dir='ltr'>in</span> <span class='ocrx_word' id='word_1_271' title='bbox 969 1918 1206 1961; x_wconf 85' lang='lat' dir='ltr'>adiectione</span> <span class='ocrx_word' id='word_1_272' title='bbox 1239 1920 1607 1963; x_wconf 87' lang='lat' dir='ltr'>coniunctionum:</span> 
     </span>
     <span class='ocr_line' id='line_1_27' title="bbox 85 1989 1606 2047; baseline 0.002 -16"><span class='ocrx_word' id='word_1_273' title='bbox 85 1990 238 2044; x_wconf 85' lang='lat' dir='ltr'>quibus</span> <span class='ocrx_word' id='word_1_274' title='bbox 276 1990 438 2044; x_wconf 90' lang='lat' dir='ltr'>passim</span> <span class='ocrx_word' id='word_1_275' title='bbox 475 1989 620 2030; x_wconf 87' lang='lat' dir='ltr'>inlatis</span> <span class='ocrx_word' id='word_1_276' title='bbox 658 1989 816 2030; x_wconf 88' lang='lat' dir='ltr'>librum</span> <span class='ocrx_word' id='word_1_277' title='bbox 855 1992 898 2030; x_wconf 91' lang='lat' dir='ltr'>et</span> <span class='ocrx_word' id='word_1_278' title='bbox 936 1990 1255 2032; x_wconf 83' lang='lat' dir='ltr'>concinniorem</span> <span class='ocrx_word' id='word_1_279' title='bbox 1293 1994 1335 2032; x_wconf 89' lang='lat' dir='ltr'>et</span> <span class='ocrx_word' id='word_1_280' title='bbox 1370 1994 1507 2047; x_wconf 82' lang='lat' dir='ltr'>magis</span> <span class='ocrx_word' id='word_1_281' title='bbox 1541 2009 1606 2035; x_wconf 90' lang='grc'>00-</span> 
     </span>
     <span class='ocr_line' id='line_1_28' title="bbox 84 2059 1605 2119; baseline 0.003 -17"><span class='ocrx_word' id='word_1_282' title='bbox 84 2063 252 2115; x_wconf 87' lang='lat' dir='ltr'>ceptum</span> <span class='ocrx_word' id='word_1_283' title='bbox 284 2059 378 2101; x_wconf 90' lang='lat' dir='ltr'>fieri</span> <span class='ocrx_word' id='word_1_284' title='bbox 402 2061 541 2102; x_wconf 91' lang='lat' dir='ltr'>uoluit</span> <span class='ocrx_word' id='word_1_285' title='bbox 567 2060 825 2115; x_wconf 80' lang='lat' dir='ltr'>legentibus.</span> <span class='ocrx_word' id='word_1_286' title='bbox 874 2059 1026 2115; x_wconf 77' lang='lat' dir='ltr'>Itaque</span> <span class='ocrx_word' id='word_1_287' title='bbox 1058 2061 1339 2116; x_wconf 87' lang='lat' dir='ltr'>interpolauit</span> <span class='ocrx_word' id='word_1_288' title='bbox 1370 2062 1433 2104; x_wconf 89' lang='lat' dir='ltr'>IV</span> <span class='ocrx_word' id='word_1_289' title='bbox 1459 2065 1528 2119; x_wconf 88' lang='lat'>36,</span> <span class='ocrx_word' id='word_1_290' title='bbox 1550 2066 1605 2107; x_wconf 73' lang='lat'><strong>48</strong></span> 
     </span>
     <span class='ocr_line' id='line_1_29' title="bbox 84 2131 1609 2189; baseline 0.003 -16"><span class='ocrx_word' id='word_1_291' title='bbox 84 2135 204 2185; x_wconf 74' lang='lat' dir='ltr'>atque</span> <span class='ocrx_word' id='word_1_292' title='bbox 234 2132 346 2173; x_wconf 35' lang='lat' dir='ltr'>*istud</span> <span class='ocrx_word' id='word_1_293' title='bbox 377 2131 576 2185; x_wconf 87' lang='lat' dir='ltr'>desinite,</span> <span class='ocrx_word' id='word_1_294' title='bbox 608 2131 647 2185; x_wconf 82' lang='lat'>5,</span> <span class='ocrx_word' id='word_1_295' title='bbox 675 2132 698 2172; x_wconf 84' lang='lat'><strong>7</strong></span> <span class='ocrx_word' id='word_1_296' title='bbox 733 2131 979 2186; x_wconf 76' lang='lat' dir='ltr'>ceterisque,</span> <span class='ocrx_word' id='word_1_297' title='bbox 1011 2133 1081 2187; x_wconf 92' lang='lat'>44,</span> <span class='ocrx_word' id='word_1_298' title='bbox 1108 2133 1162 2174; x_wconf 89' lang='grc'>57</span> <span class='ocrx_word' id='word_1_299' title='bbox 1197 2135 1347 2188; x_wconf 77' lang='lat' dir='ltr'>itaque,</span> <span class='ocrx_word' id='word_1_300' title='bbox 1379 2134 1422 2176; x_wconf 90' lang='grc' dir='ltr'>ΙΙ</span> <span class='ocrx_word' id='word_1_301' title='bbox 1448 2136 1487 2189; x_wconf 92' lang='grc'>2,</span> <span class='ocrx_word' id='word_1_302' title='bbox 1514 2136 1540 2177; x_wconf 90' lang='grc'>2</span> <span class='ocrx_word' id='word_1_303' title='bbox 1571 2140 1609 2178; x_wconf 71' lang='lat' dir='ltr'>et</span> 
     </span>
     <span class='ocr_line' id='line_1_30' title="bbox 85 2201 1607 2261; baseline 0.003 -18"><span class='ocrx_word' id='word_1_304' title='bbox 85 2202 245 2257; x_wconf 89' lang='lat' dir='ltr'>quales,</span> <span class='ocrx_word' id='word_1_305' title='bbox 277 2203 345 2257; x_wconf 89' lang='grc'>30,</span> <span class='ocrx_word' id='word_1_306' title='bbox 370 2203 426 2244; x_wconf 91' lang='grc'>47</span> <span class='ocrx_word' id='word_1_307' title='bbox 459 2206 497 2244; x_wconf 70' lang='lat' dir='ltr'>et</span> <span class='ocrx_word' id='word_1_308' title='bbox 520 2202 765 2256; x_wconf 89' lang='lat' dir='ltr'>memoriae,</span> <span class='ocrx_word' id='word_1_309' title='bbox 795 2201 862 2243; x_wconf 91' lang='lat' dir='ltr'>III</span> <span class='ocrx_word' id='word_1_310' title='bbox 889 2203 927 2256; x_wconf 89' lang='lat'>3,</span> <span class='ocrx_word' id='word_1_311' title='bbox 953 2204 980 2244; x_wconf 90' lang='grc'>5</span> <span class='ocrx_word' id='word_1_312' title='bbox 1013 2207 1050 2244; x_wconf 72' lang='lat' dir='ltr'>et</span> <span class='ocrx_word' id='word_1_313' title='bbox 1072 2203 1140 2245; x_wconf 90' lang='lat' dir='ltr'>his</span> <span class='ocrx_word' id='word_1_314' title='bbox 1170 2205 1310 2258; x_wconf 88' lang='lat' dir='ltr'>rebus,</span> <span class='ocrx_word' id='word_1_315' title='bbox 1342 2205 1382 2259; x_wconf 88' lang='grc'>5,</span> <span class='ocrx_word' id='word_1_316' title='bbox 1406 2206 1431 2246; x_wconf 90' lang='lat'><strong>9</strong></span> <span class='ocrx_word' id='word_1_317' title='bbox 1464 2209 1503 2248; x_wconf 73' lang='lat' dir='ltr'>et</span> <span class='ocrx_word' id='word_1_318' title='bbox 1526 2207 1607 2261; x_wconf 89' lang='lat' dir='ltr'>uel,</span> 
     </span>
     <span class='ocr_line' id='line_1_31' title="bbox 84 2273 1606 2331; baseline 0.003 -16"><span class='ocrx_word' id='word_1_319' title='bbox 84 2274 123 2327; x_wconf 90' lang='lat'>6,</span> <span class='ocrx_word' id='word_1_320' title='bbox 153 2274 206 2315; x_wconf 95' lang='lat'>10</span> <span class='ocrx_word' id='word_1_321' title='bbox 245 2274 436 2328; x_wconf 86' lang='lat' dir='ltr'>corporis</span> <span class='ocrx_word' id='word_1_322' title='bbox 468 2277 507 2315; x_wconf 72' lang='lat' dir='ltr'>et</span> <span class='ocrx_word' id='word_1_323' title='bbox 536 2273 685 2327; x_wconf 90' lang='lat' dir='ltr'>animi,</span> <span class='ocrx_word' id='word_1_324' title='bbox 726 2274 791 2328; x_wconf 93' lang='grc'>11,</span> <span class='ocrx_word' id='word_1_325' title='bbox 821 2273 874 2315; x_wconf 87' lang='lat'>19</span> <span class='ocrx_word' id='word_1_326' title='bbox 906 2277 945 2316; x_wconf 77' lang='lat' dir='ltr'>et</span> <span class='ocrx_word' id='word_1_327' title='bbox 975 2274 1092 2329; x_wconf 86' lang='lat' dir='ltr'>quia,</span> <span class='ocrx_word' id='word_1_328' title='bbox 1129 2274 1192 2317; x_wconf 93' lang='lat' dir='ltr'>IV</span> <span class='ocrx_word' id='word_1_329' title='bbox 1226 2276 1267 2331; x_wconf 92' lang='lat'>6,</span> <span class='ocrx_word' id='word_1_330' title='bbox 1292 2276 1317 2317; x_wconf 89' lang='lat'><strong>9</strong></span> <span class='ocrx_word' id='word_1_331' title='bbox 1350 2280 1387 2318; x_wconf 77' lang='lat' dir='ltr'>et</span> <span class='ocrx_word' id='word_1_332' title='bbox 1418 2292 1606 2331; x_wconf 86' lang='lat' dir='ltr'>aceruos,</span> 
     </span>
     <span class='ocr_line' id='line_1_32' title="bbox 82 2345 1606 2403; baseline 0.003 -17"><span class='ocrx_word' id='word_1_333' title='bbox 82 2349 120 2387; x_wconf 71' lang='lat' dir='ltr'>et</span> <span class='ocrx_word' id='word_1_334' title='bbox 151 2359 315 2400; x_wconf 88' lang='lat' dir='ltr'>eorum,</span> <span class='ocrx_word' id='word_1_335' title='bbox 347 2345 416 2398; x_wconf 88' lang='lat'>36,</span> <span class='ocrx_word' id='word_1_336' title='bbox 443 2346 499 2386; x_wconf 78' lang='lat'>48</span> <span class='ocrx_word' id='word_1_337' title='bbox 531 2348 570 2386; x_wconf 74' lang='lat' dir='ltr'>et</span> <span class='ocrx_word' id='word_1_338' title='bbox 598 2345 809 2399; x_wconf 85' lang='lat' dir='ltr'>priuatas,</span> <span class='ocrx_word' id='word_1_339' title='bbox 847 2346 916 2396; x_wconf 91' lang='lat'>44,</span> <span class='ocrx_word' id='word_1_340' title='bbox 943 2346 999 2387; x_wconf 88' lang='grc'>56</span> <span class='ocrx_word' id='word_1_341' title='bbox 1030 2349 1068 2387; x_wconf 76' lang='lat' dir='ltr'>et</span> <span class='ocrx_word' id='word_1_342' title='bbox 1097 2347 1143 2387; x_wconf 88' lang='lat' dir='ltr'>in</span> <span class='ocrx_word' id='word_1_343' title='bbox 1174 2347 1256 2388; x_wconf 87' lang='lat' dir='ltr'>hoc</span> <span class='ocrx_word' id='word_1_344' title='bbox 1288 2348 1416 2402; x_wconf 87' lang='lat' dir='ltr'>libro,</span> <span class='ocrx_word' id='word_1_345' title='bbox 1454 2349 1522 2403; x_wconf 83' lang='lat'>47,</span> <span class='ocrx_word' id='word_1_346' title='bbox 1550 2349 1606 2391; x_wconf 86' lang='lat'>60</span> 
     </span>
     <span class='ocr_line' id='line_1_33' title="bbox 82 2415 1604 2473; baseline 0.003 -16"><span class='ocrx_word' id='word_1_347' title='bbox 82 2420 121 2457; x_wconf 71' lang='lat' dir='ltr'>et</span> <span class='ocrx_word' id='word_1_348' title='bbox 161 2417 205 2457; x_wconf 90' lang='lat' dir='ltr'>in</span> <span class='ocrx_word' id='word_1_349' title='bbox 244 2416 401 2471; x_wconf 88' lang='lat' dir='ltr'>amico,</span> <span class='ocrx_word' id='word_1_350' title='bbox 444 2415 489 2457; x_wconf 86' lang='lat' dir='ltr'><strong>H</strong></span> <span class='ocrx_word' id='word_1_351' title='bbox 524 2417 594 2470; x_wconf 88' lang='lat'>11,</span> <span class='ocrx_word' id='word_1_352' title='bbox 629 2416 681 2457; x_wconf 93' lang='lat'>16</span> <span class='ocrx_word' id='word_1_353' title='bbox 719 2419 758 2458; x_wconf 71' lang='lat' dir='ltr'>et</span> <span class='ocrx_word' id='word_1_354' title='bbox 798 2419 913 2458; x_wconf 90' lang='lat' dir='ltr'>recte</span> <span class='ocrx_word' id='word_1_355' title='bbox 950 2420 987 2458; x_wconf 74' lang='lat' dir='ltr'>et</span> <span class='ocrx_word' id='word_1_356' title='bbox 1022 2417 1145 2473; x_wconf 84' lang='lat' dir='ltr'>lege.</span> <span class='ocrx_word' id='word_1_357' title='bbox 1166 2452 1174 2459; x_wconf 93' lang='lat'><strong>.</strong></span> <span class='ocrx_word' id='word_1_358' title='bbox 1195 2422 1262 2460; x_wconf 80' lang='grc' dir='ltr'>.οὐ</span> <span class='ocrx_word' id='word_1_359' title='bbox 1295 2422 1450 2461; x_wconf 88' lang='lat' dir='ltr'>natura</span> <span class='ocrx_word' id='word_1_360' title='bbox 1491 2421 1604 2461; x_wconf 88' lang='lat' dir='ltr'>alibi.</span> 
     </span>
     <span class='ocr_line' id='line_1_34' title="bbox 83 2486 1604 2544; baseline 0.003 -16"><span class='ocrx_word' id='word_1_361' title='bbox 83 2486 232 2528; x_wconf 74' lang='lat' dir='ltr'>Multis</span> <span class='ocrx_word' id='word_1_362' title='bbox 264 2487 370 2529; x_wconf 88' lang='grc'>10013</span> <span class='ocrx_word' id='word_1_363' title='bbox 401 2486 653 2541; x_wconf 87' lang='lat' dir='ltr'>perdifficile</span> <span class='ocrx_word' id='word_1_364' title='bbox 686 2502 735 2528; x_wconf 88' lang='lat' dir='ltr'>ea</span> <span class='ocrx_word' id='word_1_365' title='bbox 761 2502 805 2528; x_wconf 88' lang='lat' dir='ltr'>re</span> <span class='ocrx_word' id='word_1_366' title='bbox 837 2488 920 2528; x_wconf 87' lang='lat' dir='ltr'>fuit</span> <span class='ocrx_word' id='word_1_367' title='bbox 945 2488 1161 2543; x_wconf 87' lang='lat' dir='ltr'>iudicium,</span> <span class='ocrx_word' id='word_1_368' title='bbox 1193 2490 1305 2544; x_wconf 89' lang='lat' dir='ltr'>quod</span> <span class='ocrx_word' id='word_1_369' title='bbox 1332 2490 1457 2532; x_wconf 87' lang='lat' dir='ltr'>facile</span> <span class='ocrx_word' id='word_1_370' title='bbox 1483 2491 1604 2532; x_wconf 87' lang='lat' dir='ltr'>intel-</span> 
     </span>
     <span class='ocr_line' id='line_1_35' title="bbox 84 2558 1605 2614; baseline 0.003 -15"><span class='ocrx_word' id='word_1_371' title='bbox 84 2558 245 2613; x_wconf 83' lang='lat' dir='ltr'>legitur</span> <span class='ocrx_word' id='word_1_372' title='bbox 289 2558 498 2599; x_wconf 90' lang='lat' dir='ltr'>eiusmodi</span> <span class='ocrx_word' id='word_1_373' title='bbox 547 2559 806 2600; x_wconf 89' lang='lat' dir='ltr'>uocabulum</span> <span class='ocrx_word' id='word_1_374' title='bbox 851 2573 1158 2614; x_wconf 84' lang='lat' dir='ltr'>saepenumero</span> <span class='ocrx_word' id='word_1_375' title='bbox 1210 2564 1252 2602; x_wconf 87' lang='lat' dir='ltr'>et</span> <span class='ocrx_word' id='word_1_376' title='bbox 1297 2561 1351 2603; x_wconf 91' lang='lat' dir='ltr'>ob</span> <span class='ocrx_word' id='word_1_377' title='bbox 1395 2562 1605 2604; x_wconf 88' lang='lat' dir='ltr'>incuriam</span> 
     </span>
     <span class='ocr_line' id='line_1_36' title="bbox 83 2628 1604 2683; baseline 0.003 -12"><span class='ocrx_word' id='word_1_378' title='bbox 83 2630 250 2671; x_wconf 87' lang='lat' dir='ltr'>librarii</span> <span class='ocrx_word' id='word_1_379' title='bbox 291 2628 481 2670; x_wconf 84' lang='lat' dir='ltr'>excidere</span> <span class='ocrx_word' id='word_1_380' title='bbox 521 2629 714 2683; x_wconf 85' lang='lat' dir='ltr'>potuisse</span> <span class='ocrx_word' id='word_1_381' title='bbox 756 2632 800 2670; x_wconf 84' lang='lat' dir='ltr'>et</span> <span class='ocrx_word' id='word_1_382' title='bbox 838 2630 892 2670; x_wconf 91' lang='lat' dir='ltr'>ob</span> <span class='ocrx_word' id='word_1_383' title='bbox 931 2631 1183 2672; x_wconf 86' lang='lat' dir='ltr'>correctoris</span> <span class='ocrx_word' id='word_1_384' title='bbox 1222 2632 1444 2674; x_wconf 90' lang='lat' dir='ltr'>libidinem</span> <span class='ocrx_word' id='word_1_385' title='bbox 1483 2633 1604 2676; x_wconf 85' lang='lat' dir='ltr'>adici.</span> 
     </span>
     <span class='ocr_line' id='line_1_37' title="bbox 85 2699 1605 2755; baseline 0.004 -14"><span class='ocrx_word' id='word_1_386' title='bbox 85 2699 344 2755; x_wconf 82' lang='lat' dir='ltr'>Saepissime</span> <span class='ocrx_word' id='word_1_387' title='bbox 389 2715 491 2741; x_wconf 89' lang='lat' dir='ltr'>uero</span> <span class='ocrx_word' id='word_1_388' title='bbox 536 2701 581 2740; x_wconf 90' lang='lat' dir='ltr'>in</span> <span class='ocrx_word' id='word_1_389' title='bbox 625 2706 660 2740; x_wconf 85' lang='lat' dir='ltr'>E</span> <span class='ocrx_word' id='word_1_390' title='bbox 705 2703 742 2741; x_wconf 69' lang='lat' dir='ltr'>et</span> <span class='ocrx_word' id='word_1_391' title='bbox 783 2700 967 2755; x_wconf 88' lang='lat' dir='ltr'>adiecta,</span> <span class='ocrx_word' id='word_1_392' title='bbox 1009 2716 1107 2743; x_wconf 85' lang='lat' dir='ltr'>raro</span> <span class='ocrx_word' id='word_1_393' title='bbox 1153 2702 1344 2745; x_wconf 87' lang='lat' dir='ltr'>detracta</span> <span class='ocrx_word' id='word_1_394' title='bbox 1385 2704 1605 2747; x_wconf 88' lang='lat' dir='ltr'>inuenitur</span> 
     </span>
     <span class='ocr_line' id='line_1_38' title="bbox 84 2771 1603 2826; baseline 0.003 -13"><span class='ocrx_word' id='word_1_395' title='bbox 84 2775 287 2826; x_wconf 89' lang='lat' dir='ltr'>sequente</span> <span class='ocrx_word' id='word_1_396' title='bbox 329 2786 379 2813; x_wconf 76' lang='lat' dir='ltr'>ex</span> <span class='ocrx_word' id='word_1_397' title='bbox 423 2771 743 2825; x_wconf 86' lang='lat' dir='ltr'>praepositione</span> <span class='ocrx_word' id='word_1_398' title='bbox 789 2786 897 2825; x_wconf 87' lang='lat' dir='ltr'>quae</span> <span class='ocrx_word' id='word_1_399' title='bbox 942 2771 1090 2813; x_wconf 89' lang='lat' dir='ltr'>eadem</span> <span class='ocrx_word' id='word_1_400' title='bbox 1128 2773 1216 2815; x_wconf 88' lang='lat' dir='ltr'>fere</span> <span class='ocrx_word' id='word_1_401' title='bbox 1253 2778 1357 2816; x_wconf 88' lang='lat' dir='ltr'>nota</span> <span class='ocrx_word' id='word_1_402' title='bbox 1394 2776 1438 2817; x_wconf 90' lang='lat' dir='ltr'>in</span> <span class='ocrx_word' id='word_1_403' title='bbox 1482 2776 1603 2818; x_wconf 87' lang='lat' dir='ltr'>libris</span> 
     </span>
    </p>
   </div>
   <div class='ocr_carea' id='block_1_3' title="bbox 84 2842 1605 2951">
    <p class='ocr_par' dir='ltr' id='par_1_4' title="bbox 84 2842 1605 2951">
     <span class='ocr_line' id='line_1_39' title="bbox 84 2842 1605 2897; baseline 0.004 -13"><span class='ocrx_word' id='word_1_404' title='bbox 84 2843 301 2884; x_wconf 89' lang='lat' dir='ltr'>ueteribus</span> <span class='ocrx_word' id='word_1_405' title='bbox 328 2842 508 2885; x_wconf 85' lang='lat' dir='ltr'>indicari</span> <span class='ocrx_word' id='word_1_406' title='bbox 534 2843 664 2884; x_wconf 88' lang='lat' dir='ltr'>solita</span> <span class='ocrx_word' id='word_1_407' title='bbox 690 2843 762 2884; x_wconf 89' lang='lat' dir='ltr'>sit:</span> <span class='ocrx_word' id='word_1_408' title='bbox 795 2843 906 2897; x_wconf 88' lang='lat' dir='ltr'>quod</span> <span class='ocrx_word' id='word_1_409' title='bbox 933 2843 1046 2884; x_wconf 85' lang='lat' dir='ltr'>idem</span> <span class='ocrx_word' id='word_1_410' title='bbox 1078 2844 1120 2885; x_wconf 86' lang='lat' dir='ltr'>in</span> <span class='ocrx_word' id='word_1_411' title='bbox 1141 2851 1187 2887; x_wconf 90' lang='lat' dir='ltr'>M</span> <span class='ocrx_word' id='word_1_412' title='bbox 1213 2846 1368 2888; x_wconf 88' lang='lat' dir='ltr'>accidit</span> <span class='ocrx_word' id='word_1_413' title='bbox 1397 2862 1605 2890; x_wconf 88' lang='lat' dir='ltr'>nonnum-</span> 
     </span>
     <span class='ocr_line' id='line_1_40' title="bbox 155 2918 1320 2951; baseline 0.002 -8"><span class='ocrx_word' id='word_1_414' title='bbox 155 2918 203 2943; x_wconf 76' lang='lat' dir='ltr'>Ad</span> <span class='ocrx_word' id='word_1_415' title='bbox 217 2918 403 2944; x_wconf 83' lang='lat' dir='ltr'>Herennium</span> <span class='ocrx_word' id='word_1_416' title='bbox 422 2919 492 2944; x_wconf 85' lang='lat' dir='ltr'>libri</span> <span class='ocrx_word' id='word_1_417' title='bbox 511 2920 563 2951; x_wconf 82' lang='lat' dir='ltr'><strong>IV,</strong></span> <span class='ocrx_word' id='word_1_418' title='bbox 583 2919 627 2944; x_wconf 85' lang='lat' dir='ltr'>ed.</span> <span class='ocrx_word' id='word_1_419' title='bbox 644 2919 753 2944; x_wconf 75' lang='lat' dir='ltr'>MARX.</span> <span class='ocrx_word' id='word_1_420' title='bbox 1298 2919 1320 2949; x_wconf 88' lang='lat'><strong>4</strong></span> 
     </span>
    </p>
   </div>
  </div>
 </body>
</html>
