2003 3116
359 182 440 221 IOO
936 178 1300 211 PROLEGOMENA.

354 291 522 343 praeter
553 287 656 327 illud
687 285 873 327 ommibus
905 285 1048 324 omnia
1075 284 1292 337 legitimos
1319 284 1477 324 senarii
1504 284 1695 325 efficiunt
1722 299 1866 325 nume-

354 374 423 399 ros
463 357 589 398 sicuti
626 356 700 395 illa
738 369 845 408 quae
885 354 1030 395 Crassi
1069 355 1273 408 leguntur
1311 354 1422 408 apud
1461 353 1546 395 Cic.
1586 369 1643 395 or.
1678 355 1752 408 66,
1785 356 1869 395 222

353 428 523 468 ‘missos
550 425 712 467 faciant
738 427 962 479 patronos:
988 424 1070 478 ipsi
1095 423 1332 479 prodeant.'
1385 424 1697 465 Dominabatur
1724 427 1870 465 tamen

354 499 395 539 in
430 496 634 538 clausulis
674 498 864 548 tempore
903 496 1005 536 belli
1038 494 1213 536 Marsici
1245 494 1513 536 ditrochaeus
1552 501 1723 536 auctore
1755 494 1871 536 Cice-

354 582 454 608 rone
488 567 558 620 qui
593 581 652 608 or.
679 567 852 621 63,213
894 580 943 607 ex
977 565 1022 607 C.
1039 564 1248 607 Carbonis
1288 565 1484 606 oratione
1524 565 1738 606 clausulas
1776 564 1872 605 illas

355 638 492 679 adfert
523 631 681 692 magno
709 652 804 678 cum
831 638 1015 678 clamore
1042 636 1252 678 contionis
1285 639 1481 690 exceptas
1506 636 1740 689 persolutus
1771 649 1874 676 com-

345 709 550 761 probavit.
588 708 783 749 Eundem
810 723 1032 748 numerum
1052 705 1300 748 Ciceronem
1328 708 1532 761 probasse
1562 708 1666 748 satis
1688 709 1875 748 constat:

354 793 478 833 quem
511 782 559 820 ut
590 780 778 821 efficeret
811 781 983 820 auctore
1014 778 1092 819 illo
1126 793 1251 832 quem
1285 777 1451 819 Gellius
1478 778 1499 818 Ι
1527 778 1565 830 7,
1587 777 1639 818 16
1662 791 1777 831 seqq.
1808 792 1871 817 ex-

355 850 529 904 scripsit
567 850 848 905 grammatico
887 850 933 890 in
973 848 1166 890 oratione
1205 849 1255 890 de
1295 849 1393 902 imp.
1435 847 1507 890 Cn.
1540 847 1689 901 Pomp.
1724 848 1795 901 11,
1821 848 1877 889 30

354 921 513 975 posuit:
547 921 570 962 ³.
593 955 600 962 .
622 955 630 963 .
665 922 736 962 sed
770 921 940 963 consilii
972 920 1191 962 celeritate
1222 918 1462 973 explicam't'
1495 934 1581 960 non
1612 919 1806 972 explicuit
1836 921 1878 959 et

358 994 423 1046 12,
444 993 516 1033 33:
552 992 583 1033 ³.
603 1025 645 1033 ..
678 993 721 1033 in
753 992 1017 1047 praedonum
1051 991 1183 1032 fuisse
1216 993 1469 1045 potestatem
1500 989 1659 1032 sciatis'
1692 1004 1779 1030 non
1801 1003 1878 1043 po-

356 1067 491 1105 testate
528 1064 679 1106 sciatis.
731 1063 874 1118 Atque
913 1064 957 1104 in
995 1062 1210 1103 rhetorica
1242 1062 1293 1102 ad
1328 1061 1426 1102 Her.
1461 1061 1510 1101 de
1542 1060 1730 1101 numeris
1762 1060 1881 1100 nulla

356 1135 526 1188 quidem
561 1137 734 1176 exstant
764 1136 994 1189 praecepta
1026 1134 1110 1174 nisi
1143 1133 1224 1174 hoc
1258 1133 1371 1187 quod
1398 1133 1447 1173 de
1479 1131 1666 1186 periodis
1698 1131 1880 1172 traditur

354 1204 416 1246 IV
443 1206 511 1260 32,
531 1206 607 1246 44:
635 1205 695 1246 ein
728 1205 882 1259 quibus
917 1206 1088 1259 oportet
1114 1204 1246 1245 uerba
1280 1203 1403 1244 sicuti
1431 1203 1483 1244 ad
1510 1202 1725 1256 poeticum
1754 1216 1877 1256 quen-

356 1277 453 1317 dam
481 1279 697 1318 exstruere
723 1291 959 1331 numerum,
990 1278 1038 1316 ut
1064 1275 1250 1329 perfecte
1278 1277 1320 1315 et
1351 1274 1682 1328 perpolitissime
1709 1274 1878 1327 possint

357 1363 448 1389 esse
481 1346 732 1389 absolutae?
784 1346 1005 1400 Exemplis
1037 1348 1183 1386 tamen
1217 1344 1482 1385 accuratiora
1514 1344 1564 1384 de
1597 1344 1712 1385 exitu
1744 1344 1879 1398 perio-

357 1419 507 1460 dorum
552 1433 657 1472 quas
703 1416 1047 1459 continuationes
1089 1418 1215 1457 uocat
1261 1415 1405 1456 docuit
1448 1430 1576 1469 quam
1623 1415 1880 1469 praeceptis.

356 1488 469 1530 Nam
519 1503 620 1530 casu
669 1488 831 1530 factum
883 1502 977 1529 esse
1021 1502 1146 1528 nemo
1192 1486 1382 1528 censebit
1426 1486 1537 1539 quod
1586 1486 1630 1526 in
1680 1486 1878 1527 omnibus

357 1560 562 1614 exemplis
601 1560 654 1601 ad
690 1559 913 1613 periodum
953 1559 1202 1613 periodique
1241 1560 1384 1611 partes
1426 1557 1569 1598 allatis
1609 1557 1881 1611 explicandas

357 1633 401 1672 in
440 1631 635 1672 clausula
672 1645 805 1672 unum
849 1631 996 1684 posuit
1034 1629 1300 1670 dichoreum:
1346 1628 1454 1670 conf.
1494 1628 1544 1669 de
1583 1628 1786 1668 membris
1818 1627 1881 1669 IV

361 1703 428 1756 19,
449 1703 516 1743 26.
538 1703 614 1743 27:
647 1701 727 1743 ‘Et
756 1701 930 1750 inimico
963 1701 1179 1754 proderas,
1211 1702 1255 1740 et
1280 1699 1465 1740 amicum
1491 1698 1702 1754 laedebas,
1734 1701 1776 1740 et
1800 1699 1882 1739 tibi

359 1773 442 1828 ipsi
472 1787 559 1814 non
596 1773 840 1814 consulebas.
892 1771 1020 1812 Item:
1058 1770 1148 1812 Nec
1187 1770 1451 1824 reipublicae
1491 1769 1763 1823 consuluisti,
1804 1784 1881 1810 nec

359 1844 505 1885 amicis
544 1843 762 1898 profuisti,
800 1857 878 1883 nec
915 1842 1099 1882 inimicis
1138 1839 1349 1882 restitisti?
1400 1840 1459 1881 Et
1499 1840 1549 1881 de
1588 1841 1768 1882 articulo
1801 1840 1882 1882 hoc

359 1915 503 1957 modo:
538 1914 815 1968 ‘Acrimonia,
840 1927 956 1965 uoce,
990 1913 1113 1953 uultu
1141 1912 1408 1953 aduersarios
1436 1912 1706 1965 pertcrrztisti.
1751 1911 1880 1952 Item:

358 1986 559 2027 Inimicos
593 1985 767 2038 inuidia,
798 1984 979 2038 iniuriis,
1011 1983 1220 2037 potentia,
1252 1982 1429 2037 perfidia
1460 1981 1688 2024 sustulisti?
1746 1981 1805 2023 Et
1837 1982 1882 2022 in

361 2057 685 2098 continuatione
717 2056 798 2097 hoc
830 2057 974 2109 pacto:
1008 2053 1077 2095 eEi
1109 2069 1196 2095 non
1228 2054 1410 2094 multum
1442 2056 1588 2106 potest
1621 2053 1771 2094 obesse
1798 2052 1882 2093 for-

358 2131 482 2181 tuna,
519 2128 591 2181 qui
625 2127 706 2168 sibi
738 2126 899 2167 firmius
932 2127 975 2166 in
1008 2126 1183 2178 uirtute,
1222 2139 1350 2178 quam
1389 2124 1434 2164 in
1467 2138 1585 2177 casu,
1623 2123 1880 2177 praesidium

358 2197 616 2241 conlocauit?
651 2231 660 2239 .
682 2231 691 2239 .
713 2230 721 2238 .
755 2195 889 2237 ‘Nam
929 2196 965 2237 si
998 2195 1070 2250 qui
1103 2195 1193 2248 spei
1233 2210 1317 2236 non
1350 2195 1534 2236 multum
1566 2194 1801 2235 conlocarit
1838 2194 1881 2234 in

467 2305 476 2324 ,
518 2270 619 2324 quid
651 2272 735 2323 est,
768 2267 880 2322 quod
915 2267 952 2307 ei
986 2280 1245 2320 magnopere
1279 2281 1400 2307 casus
1435 2265 1572 2307 obesse
1596 2263 1805 2317 possitP'.
1834 2297 1843 2305 .
1874 2297 1881 2305 .

360 2340 537 2388 ‘Quodsi
575 2340 619 2380 in
657 2354 728 2380 eos
768 2338 1001 2393 plurimum
1041 2336 1216 2380 fortuna
1254 2339 1415 2390 potest,
1451 2336 1522 2389 qui
1555 2350 1653 2376 suas
1693 2335 1881 2376 rationes

361 2426 507 2452 omnes
546 2411 589 2451 in
628 2425 772 2451 casum
812 2399 1085 2460 'contulermm
1123 2422 1209 2448 non
1249 2410 1349 2448 sunt
1388 2406 1533 2447 omnia
1577 2406 1882 2447 committenda

361 2481 570 2531 fortunae,
601 2495 654 2521 ne
681 2495 882 2535 magnam
915 2478 1042 2520 nimis
1074 2478 1119 2518 in
1151 2492 1228 2518 nos
1260 2478 1418 2518 habeat
1444 2475 1792 2517 dominationem?
1832 2475 1880 2516 In

361 2552 514 2606 quibus
548 2551 754 2604 exemplis
788 2550 986 2591 omnibus
1019 2549 1244 2589 dichoreus
1276 2548 1496 2602 periodum
1530 2547 1699 2588 claudit.
1758 2546 1880 2596 Quod

361 2623 472 2663 idem
505 2621 658 2663 accidit
690 2621 733 2661 in
768 2621 828 2661 eis
862 2620 1069 2673 exemplis
1103 2633 1211 2672 quae
1244 2619 1296 2659 ad
1335 2633 1469 2673 genus
1503 2632 1633 2672 graue
1666 2618 1882 2672 pertinent

361 2692 559 2746 inprimis
598 2692 675 2733 illo
720 2692 831 2745 quod
870 2695 918 2732 ut
957 2690 1199 2743 exemplum
1243 2689 1368 2729 huius
1410 2689 1577 2744 generis
1621 2688 1779 2742 legitur
1819 2686 1878 2727 IV

363 2764 407 2816 8,
439 2764 506 2804 12:

481 2834 609 2875 ‘Nam
637 2833 731 2888 quis
759 2837 824 2875 est
851 2835 1054 2885 uestrum,
1087 2832 1260 2885 iudices,
1287 2831 1359 2885 qui
1386 2831 1492 2871 satis
1519 2830 1715 2871 idoneam
1742 2829 1880 2882 possit

359 2285 458 2311 CaSU

363 2904 407 2944 in
441 2919 535 2944 eum
568 2919 750 2958 poenam
783 2906 1024 2958 excossitare,
