2003 3116
346 202 402 242 60
908 200 1275 234 PROLEGOMENA.

345 325 448 351 num
475 308 760 363 Byzantinum
787 307 1040 360 scriptorem
1067 306 1299 347 intercedat
1325 307 1405 347 erit
1437 307 1666 360 conspicua
1694 313 1863 362 qualem

346 381 589 421 etiamnunc
615 379 716 418 licet
742 391 999 432 cognoscere
1026 377 1070 418 in
1097 377 1395 431 comparandis
1424 377 1656 431 Apollonio
1679 378 1863 433 Dyscolo

349 450 566 491 Prisciano
599 447 788 489 Maximo
815 447 1015 489 Planude.

79 506 340 573 Ξῖῗέξζῖἓὲζὲᾆ
461 519 683 561 Editiones
718 518 940 561 Tullianas
973 522 1016 561 et
1054 519 1292 562 rhetoricae
1325 520 1376 562 ad
1410 520 1509 561 Her.
1541 520 1655 575 typis
1689 520 1863 574 impres-

343 606 411 633 sas
458 593 713 632 enumerant
758 605 854 632 cum
899 591 1008 632 aliae
1052 594 1143 632 tum
1189 592 1287 633 edit.
1333 591 1552 646 Bipontin.
1586 592 1669 633 uol.
1698 591 1718 632 I
1753 593 1865 634 1780

342 678 380 716 p.
408 659 597 702 LXXXI.
619 660 759 704 CXIII
791 661 941 703 Orellii
975 661 1138 703 Baiteri
1172 662 1394 705 Onomast.
1426 662 1446 704 Ι
1471 678 1509 717 p.
1536 663 1630 704 197.
1651 662 1748 705 215.
1769 663 1866 705 218.

342 734 445 774 223:
484 747 563 787 ego
602 748 749 775 omnes
789 748 1038 775 enumerare
1077 749 1212 788 neque
1250 749 1424 788 possum
1457 748 1594 789 neque
1628 734 1759 775 debeo
1793 733 1866 775 sed

342 818 412 845 eas
439 805 738 847 tantummodo
766 820 874 859 quae
901 806 1297 859 praestantissimae
1324 806 1500 847 fuerunt
1526 805 1716 847 omnium
1743 819 1866 860 quae-

342 889 421 929 que
454 875 561 916 mihi
592 879 764 930 praesto
799 889 890 918 esse
918 879 1130 931 poterant.
1184 878 1323 932 Atque
1353 877 1493 933 gloria
1524 876 1722 918 editionis
1751 876 1865 930 prin-

342 946 447 1001 cipis
485 961 615 1001 penes
649 947 840 990 Venetos
873 948 948 989 ubi
981 964 1094 990 anno
1134 949 1293 1003 prodiit
1328 949 1440 991 1470
1475 946 1691 990 Ciceronis
1723 947 1866 989 rheto-

340 1017 430 1058 rica
462 1032 575 1059 noua
608 1021 650 1060 et
681 1021 806 1060 uetus
841 1019 1027 1073 primum
1060 1020 1173 1075 typis
1205 1021 1415 1074 impressa
1443 1036 1466 1061 a
1491 1019 1674 1061 Nicolao
1702 1019 1866 1060 Jenson

342 1090 516 1129 curante
556 1088 798 1132 Omnibono
832 1090 1044 1132 Vicetino.
1097 1092 1214 1140 Quae
1255 1091 1386 1133 editio
1427 1091 1532 1132 mihi
1570 1093 1740 1145 praesto
1779 1105 1865 1132 non

341 1161 424 1200 est:
468 1174 541 1200 eae
586 1161 740 1214 quibus
786 1165 881 1203 utor
921 1161 1153 1204 Omniboni
1205 1163 1412 1205 editiones
1454 1161 1643 1203 Venetae
1681 1177 1705 1202 a
1741 1162 1865 1204 1476.

346 1231 456 1272 1479
490 1246 513 1271 a
576 1232 665 1273 cod.
699 1233 852 1274 classis
878 1240 914 1274 E
942 1233 965 1273 d
1000 1234 1182 1275 similem
1214 1234 1352 1276 factae
1386 1237 1500 1275 sunt:
1534 1233 1865 1292 quarum-'‘prior-

340 1301 401 1342 IV
429 1301 500 1357 54,
520 1302 574 1343 68
615 1303 746 1345 habet
786 1304 891 1345 illud
923 1308 1017 1357 post
1053 1306 1274 1358 ἱηιχοεναίον
1304 1308 1341 1347 et
1372 1252 1779 1358 populiKi-offiz‘ctas
1810 1307 1868 1345 est

340 1373 494 1428 60728ltl3
543 1374 757 1427 posterior
807 1375 956 1416 eadem
1006 1376 1090 1416 nisi
1136 1377 1247 1431 quod
1283 1390 1350 1429 220.
1395 1390 1453 1417 ro.
1498 1390 1573 1430 per
1618 1375 1867 1429 compendia

341 1443 548 1497 scriptum
582 1448 656 1486 est.
709 1444 999 1488 Omnibonum
1034 1447 1169 1489 secuti
1200 1448 1393 1503 plerique
1431 1447 1615 1488 editores
1648 1447 1866 1500 utriusque

339 1515 578 1557 rhetoricae
619 1516 751 1558 libros
797 1518 849 1559 ad
890 1517 990 1561 Her.
1028 1522 1264 1572 posuerunt
1301 1519 1479 1573 priores.
1531 1517 1665 1567 Quem
1704 1517 1749 1558 in
1785 1517 1866 1559 hac

340 1601 384 1627 re
422 1601 508 1628 non
547 1590 690 1630 secuta
729 1591 795 1630 est
833 1589 963 1630 editio
997 1589 1166 1631 Veneta
1204 1591 1305 1632 anni
1341 1591 1450 1632 1481
1495 1589 1592 1643 ‘per
1624 1588 1867 1643 Baptistam

340 1658 389 1699 de
423 1657 582 1700 Tortis'
617 1660 812 1713 quamuis
846 1661 998 1702 similis
1031 1661 1087 1703 sit
1122 1662 1164 1702 in
1197 1662 1385 1716 reliquis.
1442 1660 1552 1702 Nam
1588 1660 1715 1702 sicuti
1747 1658 1867 1701 codd.

342 1729 493 1771 classis
518 1737 554 1771 E
580 1730 758 1784 plurimi
793 1731 933 1785 priore
966 1733 1058 1774 loco
1092 1733 1222 1774 habet
1255 1732 1515 1774 rhetoricam
1548 1734 1737 1772 ueterem
1771 1745 1866 1771 cum

341 1800 552 1842 Victorini
585 1802 897 1857 explanatione,
931 1804 1123 1858 sequitur
1155 1804 1372 1846 rhetorica
1408 1803 1459 1844 ad
1493 1802 1594 1844 Her.
1628 1817 1722 1843 cum
1756 1816 1867 1843 com-

342 1872 551 1913 mentario
595 1872 709 1914 docti
755 1874 972 1916 cuiusdam
1018 1875 1132 1916 illius
1176 1876 1385 1930 temporis
1432 1875 1605 1929 copioso
1644 1877 1687 1915 et
1730 1875 1867 1915 acuto.

342 1943 544 1998 Repetita
577 1946 641 1985 est
680 1945 810 1986 editio
845 1961 956 1987 anno
993 1946 1104 1988 1483
1137 1946 1183 1987 in
1219 1946 1366 1987 eadem
1406 1945 1577 1993 officina
1614 1943 1719 1985 satis
1754 1958 1869 1984 men-

342 2015 441 2057 dose
476 2030 551 2057 nec
583 2016 738 2058 melior
764 2015 929 2058 Veneta
961 2017 1061 2058 anni
1091 2018 1201 2059 1487
1238 2017 1326 2071 eper
1354 2016 1567 2057 Marinum
1595 2013 1867 2057 Saracenum'

346 2087 517 2128 illorum
557 2087 788 2128 simillima.
841 2086 1149 2129 Commentarii
1182 2087 1298 2128 illius
1332 2086 1503 2128 initium
1535 2086 1616 2127 hoc
1649 2087 1732 2126 est:
1774 2083 1870 2127 ‘So-

346 2158 492 2199 lcbant
535 2159 718 2200 maiores
763 2158 807 2199 in
853 2158 1113 2212 exponendis
1160 2158 1280 2199 libris
1326 2157 1464 2198 multa
1504 2156 1718 2210 inquirere
1760 2171 1868 2210 quae

342 2243 454 2270 nunc
487 2230 756 2271 omittuntur.
808 2228 978 2270 Titulus
1011 2229 1109 2270 talis
1144 2232 1228 2271 est:
1263 2228 1318 2271 M.
1344 2228 1472 2269 Tullii
1506 2225 1721 2268 Ciceronis
1756 2227 1868 2268 Rhe-

341 2301 501 2342 toricae
534 2315 672 2343 nouae
707 2300 759 2342 ad
791 2299 1057 2341 Herennium
1090 2301 1201 2342 liber
1232 2299 1395 2354 primus
1427 2299 1592 2354 incipit.
1655 2298 1783 2340 Noua
1816 2299 1867 2340 ad

345 2372 630 2413 differentiam
669 2371 828 2413 ueteris
868 2386 994 2425 quam
1034 2371 1076 2412 in
1115 2370 1403 2413 adolescentia
1441 2371 1625 2425 scripsit.
1688 2369 1751 2410 De
1786 2385 1869 2424 qua

344 2443 387 2484 in
432 2446 603 2484 oratore
649 2442 726 2484 ait:
772 2441 853 2490 Qui
896 2441 995 2483 libri
1035 2458 1059 2483 a
1104 2442 1228 2483 nobis
1276 2441 1534 2482 exciderunt.
1598 2440 1866 2494 Quamquam

345 2514 468 2555 multi
512 2513 654 2556 dicant
698 2515 837 2554 aetate
882 2513 967 2553 iam
1013 2516 1264 2567 prouectum
1304 2512 1526 2565 scripsisse
1565 2514 1743 2566 propter
1783 2512 1867 2553 elo-

344 2585 561 2640 quentiam
597 2584 829 2625 maximam
862 2598 945 2637 qua
977 2583 1020 2623 in
1054 2583 1130 2623 illa
1162 2598 1263 2623 usus
1293 2584 1370 2636 est,
1401 2582 1641 2624 nescientes
1670 2582 1868 2625 Ciceroni

344 2657 405 2697 ita
436 2655 675 2710 ingenitam
702 2654 834 2696 fuisse
862 2654 1165 2709 eloquentiam,
1197 2656 1244 2694 ut
1271 2656 1313 2694 et
1339 2653 1383 2693 in
1410 2653 1539 2694 curiis
1566 2651 1701 2710 (scrib.
1728 2653 1867 2709 cunis)

345 2727 541 2768 uideatur
591 2728 739 2768 ornate
790 2725 926 2767 dicere
976 2724 1203 2780 potuisse.'
1268 2724 1431 2774 Quibus
1483 2740 1635 2778 operae
1684 2725 1868 2778 pretium

346 2798 512 2839 uidetur
557 2797 707 2839 doctae
754 2797 1054 2852 explicationis
1098 2797 1204 2837 haec
1249 2796 1482 2850 specimina
1521 2796 1766 2851 adiungere:
1805 2795 1867 2837 IV

350 2870 414 2922 10,
437 2868 490 2910 15
523 2868 757 2922 ‘depultus]
792 2869 981 2923 priscum
1009 2870 1090 2909 est:
1123 2882 1222 2908 nam
1250 2867 1417 2921 antiqui
1444 2868 1533 2908 loco
1561 2882 1578 2907 s
1606 2866 1826 2920 ponebant
1850 2869 1868 2907 t

348 2942 394 2981 ut
426 2940 594 2994 pultare
626 2954 703 2994 pro
730 2940 901 2994 pulsare
931 2940 997 2992 12,
1023 2940 1072 2981 18
1101 2939 1152 2980 ad
1181 2938 1276 2980 ‘luce'
1302 2938 1490 2979 misimus
1515 2937 1586 2989 eli]
1613 2937 1868 2978 inconcinna
