2003 3116
350 133 434 175 362
877 128 940 161 AD
969 127 1007 160 0.
1033 125 1320 158 HERENNIUM

348 242 492 294 rebus,
530 254 596 281 res
632 238 683 279 ab
716 251 759 277 re
793 236 992 290 separata
1026 235 1108 284 est,
1141 232 1212 274 sed
1245 230 1505 287 utra<e>que
1537 247 1604 273 res
1637 233 1859 274 coniuncte

348 316 389 353 et
421 310 593 353 confuse
625 307 939 364 pronuntiatae.

463 381 594 422 Antc
639 379 813 421 oculos
857 376 1077 433 ponendi
1116 374 1278 430 negotii
1318 388 1446 415 causa
1484 376 1675 416 sumetur
1713 374 1859 416 simili-

344 453 445 494 tudo
483 476 529 480 —
567 451 730 493 dicetur
761 464 837 504 per
868 447 1214 491 conlationem
1249 469 1298 475 —
1336 445 1413 486 sic:

520 521 617 564 ‘Uti
650 520 916 564 citharoedus
949 534 1043 561 cum
1077 517 1283 572 prodierit
1316 517 1477 571 optime
1510 517 1711 571 uestitus,
1742 517 1861 571 palla

402 595 600 636 inaurata
631 593 844 648 inductus,
882 606 977 633 cum
1010 589 1202 645 clamyde
1233 602 1448 643 purpurea
1479 588 1696 630 coloribus
1728 589 1860 630 uariis

402 667 576 719 intexta,
604 668 646 707 et
672 680 766 706 cum
794 677 953 706 corona
979 660 1178 716 <aurea>‚
1204 660 1373 716 magnis
1395 659 1658 715 fulgentibus
1680 660 1860 715 gemmis

406 737 677 790 inluminata,
711 735 921 777 citharam
953 737 1103 775 tenens
1138 731 1508 774 exornatissimam
1536 745 1637 773 auro
1665 734 1708 772 et
1734 731 1860 773 ebore

403 808 668 862 distinctam,
706 808 796 862 ipse
835 808 1056 862 praeterea
1094 804 1235 846 forma
1274 805 1316 845 et
1354 802 1493 857 specie
1533 802 1589 844 sit
1623 805 1665 844 et
1697 804 1861 844 statura

404 879 602 935 adposita
634 879 686 920 ad
720 878 990 933 dignitatem,
1022 876 1058 917 si
1090 890 1184 918 cum
1218 888 1422 929 magnam
1449 873 1610 928 populo
1637 874 1862 916 commorit

402 951 453 991 iis
504 951 629 992 rebus
680 949 1040 1004 expectationem,
1083 948 1274 1002 repente,
1321 945 1492 987 silentio
1535 945 1670 1000 facto,
1713 960 1862 988 uocem

404 1021 548 1063 mittat
587 1021 908 1063 acerbissimam
949 1034 1043 1061 cum
1082 1017 1333 1072 turpissimo
1374 1017 1565 1072 corporis
1605 1019 1741 1069 motu,
1779 1030 1861 1070 quo

404 1093 555 1134 melius
588 1096 765 1135 ornatus
799 1095 841 1134 et
873 1091 1009 1146 magis
1041 1089 1174 1131 fuerit
1207 1091 1470 1143 expectatus,
1502 1103 1550 1130 eo
1585 1087 1722 1142 magis
1755 1087 1861 1128 deri-

404 1179 473 1205 sus
508 1167 550 1206 et
583 1166 852 1218 contemptus
886 1162 1053 1215 eicitur;
1085 1161 1201 1216 item,
1233 1160 1269 1202 si
1301 1160 1396 1215 quis
1428 1160 1472 1201 in
1505 1159 1671 1201 excelso
1701 1159 1794 1200 loco
1822 1161 1863 1199 et

437 1256 459 1291 5
497 1256 646 1292 Lucian.
686 1254 778 1300 πρὸς
815 1253 881 1290 τὸν
920 1252 1151 1289 ἀπαίδευτον
1188 1257 1225 1287 8:
1263 1247 1353 1298 ἧκεν
1392 1246 1460 1287 οὖν
1499 1249 1536 1292 ἐς
1573 1250 1659 1292 τοὺς
1690 1249 1864 1296 Δελφοὺς

342 1314 417 1349 τοῖς
449 1322 487 1344 τε
521 1307 643 1351 ἄλλοις
676 1307 841 1354 λαμπρὸς
872 1308 938 1343 καὶ
969 1305 1015 1352 δὴ
1049 1306 1112 1342 καὶ
1145 1303 1289 1350 ἐσθῆτα
1325 1304 1582 1351 χρυσόπαστον
1614 1302 1863 1350 ποιησάμενος

342 1363 404 1396 καὶ
437 1361 623 1406 στέφανον
655 1362 804 1407 δάφνης
836 1362 971 1407 χρυσῆς
1005 1359 1198 1396 κάλλιστον
1239 1357 1287 1400 ὡς
1319 1358 1403 1395 ἀντὶ
1435 1360 1581 1405 καρποῦ
1621 1359 1685 1404 τῆς
1717 1357 1864 1403 δάφνης

343 1414 578 1461 σμαράγδους
611 1414 707 1451 εἶναι
744 1413 980 1461 ἰσομεγέθεις
1010 1415 1059 1448 τῶ
1092 1417 1242 1461 καρπῷ,
1274 1412 1342 1459 τὴν
1375 1412 1443 1460 μέν
1471 1427 1512 1459 γε
1545 1413 1713 1457 κιθάραν
1745 1410 1864 1456 αὐτὴν

342 1468 533 1514 ὑπερφυές
564 1483 597 1504 τι
633 1471 753 1515 χρῆιια
788 1466 824 1509 ἐς
855 1468 988 1509 κάλλος
1021 1468 1082 1502 καὶ
1116 1466 1373 1511 πολυτέλειαν,
1406 1467 1543 1512 χρυσοῦ
1577 1464 1645 1511 μὲν
1677 1468 1741 1500 τοῦ
1777 1461 1864 1509 άκη-

343 1524 456 1568 ράτου
492 1524 636 1567 πᾶσαν,
676 1527 853 1587 σφραγῖσι
896 1520 936 1557 δὲ·
976 1521 1040 1556 καὶ
1071 1522 1191 1561 λιθοις
1227 1522 1408 1561 ποικίλοις
1436 1517 1766 1583 κατακεκοσμένην
1797 1546 1804 1553 .
1826 1545 1862 1554 ..

341 1578 477 1622 θαῦμα
501 1575 593 1622 μέγα
620 1581 697 1616 τοῖς
722 1574 867 1620 ὁρῶσιν.
909 1573 990 1610 επεὶ
1025 1572 1061 1609 δ’
1099 1588 1167 1609 ουν
1202 1572 1290 1609 ποτὲ
1330 1574 1393 1609 καὶ
1429 1573 1520 1618 ἡκεν
1555 1570 1577 1617 ἡ
1615 1573 1679 1608 τοῦ
1721 1569 1865 1616 άγῶνος

342 1629 464 1676 ἡμέρα
491 1659 497 1666 .
527 1659 533 1666 .
564 1659 569 1665 .
600 1627 787 1673 ἐσέρχεται
816 1625 899 1668 ὅλος
924 1627 1245 1673 περιλαμπόμενος
1270 1627 1320 1662 τῶ
1349 1628 1486 1673 χρυσίω
1507 1626 1569 1661 καὶ
1596 1630 1672 1666 τοῖς
1698 1623 1862 1686 σμαράγ-

344 1686 422 1724 δοις
454 1685 517 1718 καὶ
553 1682 746 1730 βηρύλλοις
780 1682 843 1716 καὶ
879 1679 1094 1721 υακίνθοις·
1131 1694 1194 1715 και
1229 1695 1251 1725 η
1288 1678 1466 1725 πορφύρα
1502 1678 1543 1714 δε
1584 1675 1763 1723 ἐνέπρεπε
1801 1679 1864 1723 τῆς

345 1735 507 1781 ἐσθῆτος
536 1732 554 1781 ἣ
583 1733 720 1781 μεταξὺ
748 1735 813 1770 τοῦ
839 1734 974 1779 χρυσοῦ
1009 1736 1239 1779 διεφαιᾝνετο
1277 1734 1423 1773 τούτοις
1455 1729 1574 1768 ἅπασι
1605 1729 1865 1777 προεκπλήξας

343 1789 383 1825 τὸ
410 1790 577 1834 θέατρον
605 1789 668 1824 καὶ
693 1788 914 1834 θαυμαστῆς
941 1785 1088 1827 ἐλπίδος
1115 1785 1304 1832 ἐμπλήσας
1329 1800 1415 1826 τους
1435 1783 1589 1830 θεατάς,
1613 1783 1744 1829 ἐπειδή
1771 1797 1859 1820 ποτε

344 1844 408 1879 καὶ
429 1856 517 1879 ασαι
544 1842 607 1878 καὶ
627 1842 822 1887 κιθαρίσαι
844 1839 990 1881 πάντως
1011 1839 1101 1885 ἔδει,
1120 1838 1372 1886 ἀνακρούεται
1396 1853 1463 1885 μεν
1484 1836 1721 1884 ανάρμοστόν
1743 1852 1775 1872 τι
1797 1838 1860 1872 καὶ

344 1896 588 1939 ἀσύντακτον,
615 1893 871 1940 ἀπορρήγνυσι
896 1893 938 1930 δε
965 1898 1062 1939 τρεῖς
1081 1890 1159 1940 ἅμα
1186 1893 1322 1939 χορδας
1344 1890 1596 1938 σφοδρότερον
1621 1892 1686 1926 τοῦ
1714 1889 1864 1931 δέοντος

346 1948 515 1997 ἐμπεσὼν
541 1951 584 1996 τῆ
612 1947 772 1997 κιθάρα,
804 1945 912 1983 τ’ἱδειν
940 1946 979 1982 δε
1006 1946 1160 1993 ἄρχεται
1186 1946 1406 1993 άπόιιουσόν
1432 1960 1466 1980 τι
1491 1946 1554 1981 καὶ
1579 1943 1735 1989 λεπτόν,
1769 1941 1859 1979 ὥστε

345 2003 484 2050 γέλωτα
519 2017 586 2049 μεν
619 2001 720 2047 παρὰ
753 2001 904 2037 πάντων
943 2001 1123 2047 γενέσθαι
1154 2002 1228 2036 τῶν
1259 2001 1430 2044 θεατῶν,
1461 1998 1547 2040 τοὺς
1579 1996 1793 2038 ἀθλοθέτας
1819 1997 1860 2032 δε

344 2056 680 2103 ἀγανακτήσαντας
716 2053 777 2090 ἐπὶ
817 2056 860 2102 τῇ
905 2052 1036 2101 τόλμῃ,
1077 2053 1382 2101 μαστιγώσαντας
1426 2050 1543 2088 αὐτὸν
1588 2049 1758 2099 ἐκβαλεῖν
1791 2051 1857 2085 τοῦ

345 2110 511 2155 θεάτρου
538 2110 704 2156 (Luciani
730 2109 834 2153 editt⁷
861 2109 1045 2153 Halmius)

439 2195 460 2229 1
487 2195 636 2237 utraeq3
663 2193 704 2228 bl
729 2193 882 2236 utraque
909 2193 974 2227 dm
1047 2191 1219 2227 coniunte
1241 2191 1297 2225 Η1
1370 2189 1392 2224 2
1419 2187 1677 2234 pronuntiatae
1708 2187 1749 2222 bl
1775 2198 1861 2221 con-

344 2251 475 2293 parata
501 2248 545 2281 H
552 2247 625 2281 PG
648 2246 863 2290 comparata
888 2246 1001 2280 HBd
1074 2245 1097 2280 3
1129 2244 1286 2279 sumitur
1312 2244 1355 2278 H
1424 2242 1448 2278 4
1474 2242 1618 2277 dicetur
1643 2241 1717 2275 PH
1752 2240 1794 2274 di·
1822 2240 1867 2274 Η

344 2313 426 2335 cum
455 2299 590 2335 dicitur
616 2301 635 2335 b
663 2311 744 2334 cum
772 2299 914 2334 dicetur
940 2298 1064 2334 13sz
1154 2298 1393 2333 collationem
1423 2299 1450 2328 E
1542 2293 1565 2328 5
1598 2293 1819 2337 cytharedus
1849 2293 1861 2327 l

345 2354 561 2389 estharedus
588 2353 631 2387 H
665 2353 876 2387 citharedus
902 2353 1034 2396 reliqui
1128 2351 1253 2397 palam
1281 2351 1324 2384 H
1356 2348 1496 2394 pallam
1524 2348 1602 2381 PH
1612 2346 1642 2381 O
1758 2347 1782 2380 6
1807 2346 1861 2380 in—

345 2410 511 2443 auratam
540 2407 621 2440 PH
627 2406 657 2441 G
750 2405 938 2451 inductus]
965 2404 1133 2440 induitur
1158 2404 1202 2440 H
1209 2404 1328 2438 PHB
1368 2402 1519 2437 indutus
1546 2399 1664 2434 P2GE
1779 2410 1862 2434 cum

347 2461 513 2504 clamyde
555 2460 584 2494 O
626 2471 708 2495 cum
741 2459 899 2494 clamide
932 2459 1045 2493 HBE
1090 2463 1134 2494 esi
1173 2457 1370 2493 clamidem
1409 2456 1444 2489 P
1489 2453 1619 2489 cuncla
1659 2452 1698 2486 id
1733 2454 1789 2487 est
1823 2452 1868 2487 H

346 2526 568 2561 purpuream
595 2514 639 2549 H
647 2514 683 2547 P
788 2513 882 2547 uarii
911 2512 941 2548 G
1047 2513 1065 2547 7
1099 2512 1243 2547 intexta
1267 2515 1294 2544 E
1333 2508 1494 2553 corporis
1534 2508 1676 2542 intexta
1707 2505 1867 2540 ΡΠΒΟ

347 2567 510 2613 corporis
537 2567 611 2602 sint
637 2568 739 2601 texta
764 2567 809 2601 H
902 2576 1073 2600 coronam
1102 2566 1145 2600 H
1237 2575 1346 2599 aurea
1373 2560 1518 2606 magnis
1545 2561 1586 2596 bl
1621 2570 1795 2604 magnam
1822 2559 1865 2592 H

345 2633 480 2666 magna
505 2621 635 2665 reliqui
769 2620 792 2654 8
824 2619 1086 2654 inluminatam
1113 2620 1194 2654 ΗΒ
1233 2617 1442 2652 illuminata,
1472 2618 1499 2648 E
1633 2613 1822 2658 cytharam
1851 2613 1862 2646 l

345 2675 369 2709 9
400 2676 548 2719 praeter
582 2683 626 2707 ea
658 2673 701 2707 H
733 2674 927 2717 praeterea
959 2671 1123 2716 coi··1301is
1155 2671 1408 2706 Friedrichz‘us
1553 2667 1600 2701 10
1631 2665 1804 2710 apposita
1834 2669 1861 2698 E

348 2727 475 2772 populi
503 2728 514 2761 Z
623 2725 818 2762 commorit
844 2725 890 2759 iis
920 2726 1074 2760 Ooellius
1112 2723 1305 2758 commorit
1330 2721 1388 2756 his
1413 2722 1437 2755 (l
1477 2717 1720 2754 cominoritiis
1746 2718 1782 2752 P
1817 2730 1859 2752 cu

347 2779 638 2826 mislsslnoiiticis
665 2780 710 2814 H
741 2779 909 2814 0011111101·
928 2779 973 2813 iis
993 2778 1028 2812 B
1066 2778 1103 2811 111
1124 2776 1283 2811 comitiis
1305 2777 1343 2809 Π
1379 2771 1622 2809 commouerit
1639 2770 1685 2805 iis
1707 2770 1737 2805 G
1765 2782 1862 2805 com

348 2832 507 2867 mouerit
531 2833 587 2866 his
615 2834 655 2867 bl
728 2832 775 2867 12
803 2832 951 2866 emittat
975 2835 1002 2864 E
1084 2829 1359 2864 aceruissimam
1387 2826 1509 2862 HPB
1585 2824 1632 2859 13
1659 2825 1862 2859 ornatusM

346 2886 459 2920 tuerit
480 2888 629 2920 ornatus
650 2887 673 2920 d
695 2886 844 2920 ornatus
866 2884 914 2920 sit
934 2886 974 2920 bl
1046 2884 1159 2918 fuerit
1183 2894 1237 2919 om
1258 2884 1282 2918 (Z
1355 2880 1569 2924 exceptatus
1595 2881 1629 2911 M
1703 2877 1751 2912 14
1771 2877 1824 2912 ita
1838 2878 1861 2913 d

1881 893 1914 918 10
