2003 3116
742 125 1109 162 PROLEGOMENA.
1606 131 1623 170 1
1634 130 1660 170 5
1667 131 1686 170 1

171 233 316 276 omnia
356 233 482 276 sicuti
520 233 604 275 alia
641 234 848 289 quaedam
888 249 994 289 quae
1028 250 1052 276 a
1084 236 1301 278 nonnullis
1335 240 1436 278 sunt
1466 239 1690 293 proposita

170 305 297 347 nullis
334 306 532 347 nituntur
569 306 849 361 argumentis.
911 305 992 348 Sed
1029 321 1108 348 nos
1147 321 1198 348 ex
1236 308 1294 350 eis
1334 323 1441 364 quae
1480 309 1530 351 de
1561 308 1690 352 Plotii

170 377 354 419 Mariani
393 376 545 419 studiis
585 376 712 419 modo
745 377 1019 431 exposuimus
1059 377 1164 420 satis
1197 379 1453 422 arbitramur
1485 395 1689 435 apparere

171 463 222 489 ex
247 445 378 490 Plotii
404 448 519 489 illius
545 447 615 488 uel
644 447 680 488 si
705 447 797 488 fata
823 447 934 488 alius
961 447 1140 490 alicuius
1166 449 1352 492 rhetoris
1386 466 1540 493 nomen
1564 452 1688 494 nobis

170 519 428 574 eripuerunt,
456 517 569 573 quod
594 518 829 560 uerisimile
855 532 948 560 esse
975 518 1148 560 minime
1176 534 1256 575 ego
1284 522 1452 575 quidem
1479 523 1688 577 existimo,

169 605 219 631 ex
244 589 432 632 Plotiani
458 589 679 631 cuiusdam
704 589 888 631 rhetoris
916 589 1063 631 schola
1095 590 1229 632 libros
1263 591 1316 632 ad
1343 591 1442 634 Her.
1470 608 1561 636 esse
1593 610 1688 650 pro—

167 661 314 703 fectos.
357 660 470 703 Nam
490 660 676 715 priorem
704 661 825 703 illam
846 661 1144 716 quaestionem
1171 661 1406 705 ‘Romanus
1435 680 1488 706 an
1515 666 1688 722 hospes'

167 732 294 774 facile
327 732 563 774 soluemus:
601 731 754 774 Graeci
786 732 1001 774 cuiusdam
1037 733 1224 776 doctoris
1257 749 1413 777 nomen
1444 751 1521 791 pro
1554 739 1686 780 totius

167 803 306 859 operis
346 803 590 845 condicione
629 803 801 846 omnino
835 804 1134 846 secernendum
1181 806 1264 847 erit
1295 809 1339 848 et
1369 808 1687 851 remouendum.

165 874 282 917 Inter
307 874 487 917 Latinos
520 875 617 917 illos
651 875 844 918 rhetores
870 890 972 917 uero
1001 875 1054 917 ad
1081 876 1213 919 Plotii
1238 877 1513 931 potissimum
1539 880 1686 923 ludum

166 946 496 988 commentarios
524 945 577 988 ad
603 945 704 988 Her.
730 946 976 989 referendos
1010 961 1100 989 esse
1131 950 1177 990 ut
1210 950 1397 991 statuam
1426 966 1685 1007 quamquam

165 1018 252 1060 scio
292 1021 455 1060 certum
488 1018 651 1073 aliquid
682 1017 727 1059 in
765 1017 845 1060 hac
878 1033 923 1060 re
956 1032 1039 1061 non
1071 1033 1198 1074 posse
1232 1020 1516 1063 demonstrari
1548 1022 1685 1065 tribus

164 1089 350 1132 adducor
391 1090 655 1146 argumentis
699 1104 879 1144 quorum
921 1090 1107 1145 primum
1150 1106 1199 1133 ex
1239 1093 1406 1134 ratione
1448 1093 1683 1136 studiorum

167 1164 209 1203 et
239 1160 481 1203 litterarum
513 1162 694 1203 alterum
728 1176 778 1203 ex
810 1162 975 1203 ratione
1009 1176 1092 1216 qua
1125 1163 1306 1218 scriptor
1338 1164 1388 1205 ad
1422 1164 1521 1206 Her.
1550 1165 1685 1207 utitur

161 1233 206 1274 in
231 1233 359 1275 rebus
392 1247 499 1288 quae
532 1233 585 1274 ad
618 1247 706 1274 rem
739 1233 954 1287 publicam
986 1234 1229 1288 pertineant
1261 1235 1484 1278 laudandis
1518 1237 1683 1293 uitupe-

161 1305 325 1360 randis,
356 1305 530 1347 tertium
564 1319 615 1346 ex
647 1306 891 1360 temporum
924 1306 1091 1348 ratione
1125 1306 1352 1349 admodum
1385 1308 1482 1350 huic
1515 1311 1681 1352 senten-

160 1377 245 1419 tiae
278 1377 541 1433 suffragante
572 1377 754 1431 petitum
787 1380 862 1419 est.

278 1449 421 1504 Atque
458 1448 644 1503 primum
685 1448 853 1503 quidem
893 1449 994 1490 nolo
1034 1463 1126 1490 eam
1164 1450 1454 1506 redintegrare
1493 1452 1679 1508 disputa-

159 1520 322 1562 tionem
349 1535 476 1575 quam
503 1534 633 1574 supra
658 1535 697 1574 p.
722 1519 814 1561 104.
840 1519 924 1561 115
950 1520 1120 1562 institui
1147 1520 1197 1562 de
1225 1522 1365 1563 colore
1391 1524 1530 1577 operis
1553 1525 1682 1579 plane

159 1591 325 1634 Latino.
363 1591 586 1647 Nusquam
608 1591 834 1646 quicquam
856 1590 1030 1633 docetur
1051 1592 1100 1633 de
1122 1593 1501 1637 exercitationibus
1518 1594 1681 1638 Graeca

158 1664 307 1719 lingua
338 1663 560 1717 faciendis,
593 1662 789 1717 exempla
823 1663 967 1704 omnia
999 1677 1020 1705 e
1054 1662 1227 1706 Graecis
1261 1665 1425 1707 artibus
1458 1667 1593 1721 petita
1620 1669 1681 1710 ita

158 1738 418 1778 commutata
457 1737 556 1777 sunt
593 1737 641 1776 ut
677 1734 806 1789 plane
838 1733 993 1776 Latina
1025 1734 1255 1778 uideantur
1286 1736 1339 1778 ad
1372 1752 1512 1780 mores
1546 1742 1588 1781 et
1619 1740 1679 1781 in-

159 1807 312 1849 stituta
356 1806 506 1861 populi
550 1806 737 1848 Romani
781 1806 1104 1848 accommodata
1153 1822 1288 1863 neque
1333 1809 1457 1852 unius
1510 1811 1679 1866 quidem

158 1878 309 1920 Graeci
347 1878 588 1934 scriptoris,
627 1893 734 1934 quos
765 1877 811 1920 in
847 1878 1068 1933 prooemio
1102 1879 1202 1921 libri
1233 1879 1253 1921 I
1293 1880 1395 1923 alibi
1428 1886 1679 1938 arroganter

157 1951 294 2005 carpit
313 1953 360 1992 ut
384 1950 579 1992 homines
606 1952 856 2005 arrogantes
884 1965 1064 2005 usquam
1090 1966 1249 1994 nomen
1270 1952 1498 1996 inuenitur.
1540 1955 1679 2005 Quare

156 2036 304 2063 omnes
349 2022 411 2063 illi
456 2021 539 2063 loci
584 2021 738 2077 quibus
784 2023 857 2063 aut
900 2021 1096 2064 doctores
1136 2025 1210 2065 aut
1248 2025 1477 2080 scriptores
1519 2026 1677 2069 omisso

154 2093 326 2135 nomine
361 2092 544 2135 Graecus
583 2095 875 2135 memorantur
905 2093 1039 2135 ueluti
1071 2093 1090 2135 I
1121 2095 1161 2149 1,
1192 2096 1227 2136 1.
1263 2096 1335 2150 11,
1368 2096 1432 2138 18.
1465 2096 1509 2151 9,
1538 2098 1590 2139 16
1624 2098 1677 2140 ad

155 2163 334 2206 Latinos
377 2165 639 2207 litteratores
682 2167 879 2220 oporteat
921 2164 1167 2220 pertineant
1208 2166 1405 2222 inprimis
1445 2167 1518 2210 ille
1559 2169 1676 2212 locus

154 2235 221 2277 III
254 2237 326 2290 11,
356 2236 408 2278 19
448 2236 523 2278 ubi
560 2238 813 2291 praeceptor
852 2237 1073 2293 scriptoris
1106 2237 1156 2279 de
1187 2238 1539 2292 pronuntiatione
1571 2240 1676 2284 haec

153 2306 407 2348 tradiderat:
439 2306 594 2357 ‘Quare
627 2308 726 2363 quia
757 2323 884 2351 nemo
918 2308 969 2350 de
1002 2323 1050 2351 ea
1080 2323 1125 2350 re
1159 2309 1387 2366 diligenter
1419 2311 1593 2367 scripsit
1617 2337 1675 2343 —

152 2392 253 2419 nam
292 2393 440 2421 omnes
478 2379 551 2421 uix
587 2394 714 2435 posse
752 2382 962 2435 putarunt
1005 2380 1055 2422 de
1088 2395 1191 2424 uoce
1230 2384 1273 2423 et
1316 2383 1439 2425 uultu
1478 2386 1520 2425 et
1551 2388 1675 2440 gestu

152 2448 332 2490 dilucide
359 2450 500 2504 scribi,
532 2465 627 2493 cum
655 2466 728 2493 eae
752 2466 820 2494 res
848 2452 900 2494 ad
928 2466 1078 2495 sensus
1110 2455 1281 2496 nostros
1314 2455 1597 2508 pertinerent'
1617 2481 1674 2486 —-

154 2535 186 2561 e.
216 2535 253 2575 q.
282 2535 314 2562 s.
374 2521 567 2576 Apparet
598 2537 649 2564 ex
679 2522 762 2565 hoc
793 2523 886 2566 loco
920 2523 969 2565 de
1000 2524 1176 2580 reliquis
1207 2525 1404 2580 partibus
1436 2526 1673 2570 rhetoricae

120 2625 126 2630 .
152 2592 312 2634 multos
339 2591 548 2635 eiusmodi
574 2596 617 2635 et
642 2593 872 2650 diligenter
898 2596 1083 2651 scriptos
1112 2596 1303 2639 extitisse
1329 2598 1673 2652 commentarios,

151 2663 202 2704 de
233 2663 585 2718 pronuntiatione
625 2680 732 2719 quae
769 2668 873 2708 tunc
910 2666 1071 2708 fuerint
1110 2668 1270 2722 scripta
1309 2683 1358 2710 ea
1394 2667 1503 2709 nihil
1540 2668 1672 2711 fuisse

149 2734 233 2776 nisi
272 2734 490 2777 doctrinae
529 2735 657 2778 istius
697 2736 845 2778 breuia
883 2738 1090 2792 quaedam
1130 2741 1360 2793 praecepta
1396 2754 1548 2794 parum
1581 2740 1671 2782 dili-

152 2807 301 2860 genter
339 2806 610 2859 adumbrata,
650 2810 742 2850 tum
781 2808 998 2851 doctorem
1037 2809 1159 2851 illum
1198 2810 1393 2865 inprimis
1426 2810 1526 2853 huic
1556 2812 1670 2866 parti

153 2878 420 2933 eloquentiae
448 2894 623 2935 operam
650 2879 825 2923 dedisse.
872 2881 930 2922 At
951 2879 1215 2930 Quintiliano
1242 2885 1415 2925 auctore
1440 2880 1503 2924 XI
1525 2883 1562 2934 3,
1586 2883 1668 2925 143
