2003 3116
711 110 898 143 PROLEG
905 111 1081 143 OMENA.
1594 109 1615 148 7
1622 109 1647 148 3

126 220 192 260 est
223 216 514 268 Quintilianus
553 219 732 261 minime
769 219 889 260 illum
922 218 1095 274 quidem
1132 217 1265 260 fuisse
1301 218 1561 260 rhetoricam
1595 218 1645 260 ad
1681 241 1685 245 ‚

122 287 386 331 Herennium
426 290 499 332 sed
538 290 698 333 librum
731 290 780 332 de
817 290 968 345 figuris
1007 290 1293 345 compositum
1324 289 1497 344 qualem
1534 303 1647 331 com-

122 375 304 415 posuere
331 361 530 404 Tiberius
558 361 801 404 Alexander
827 361 1016 403 Rutilius
1043 360 1204 415 Aquila
1228 359 1363 402 Iulius
1391 359 1646 403 Rufinianus

123 431 207 474 alii.
259 431 476 475 Cornificii
516 436 659 475 autem
699 433 809 473 liber
847 432 897 474 de
934 431 1082 487 figuris
1128 432 1396 486 conscriptus
1441 433 1506 473 est
1548 436 1648 487 post

124 502 384 545 rhetoricam
417 503 470 546 ad
503 503 604 545 Her.
665 502 781 545 Nam
812 503 857 543 in
890 502 1253 544 adnominationis
1288 509 1329 544 et
1359 503 1646 546 traductionis

122 574 318 616 doctrina
361 576 550 616 ueterem
595 577 638 616 et
683 573 913 629 genuinam
959 573 1196 615 doctrinam
1237 573 1422 628 scriptor
1461 574 1513 616 ad
1545 573 1646 616 Her.

121 644 319 700 protulit,
355 644 427 686 ille
458 659 617 687 nouam
653 644 868 700 quandam
901 646 943 685 et
974 644 1084 685 male
1118 646 1348 685 mutatam:
1386 645 1431 686 in
1471 646 1646 701 reliquis

119 715 208 758 fere
247 716 301 759 ad
338 716 519 758 uerbum
559 717 668 758 alter
707 730 802 758 cum
843 716 977 757 altero
1016 715 1305 757 consentiunt.
1361 715 1510 771 Neque
1543 731 1645 759 uero

121 787 222 830 inde
255 787 443 830 efficitur
467 786 744 830 Cornificium
771 789 990 829 auctorem
1017 786 1258 828 rhetoricae
1286 786 1339 828 ad
1365 786 1465 829 Her.
1491 787 1646 830 fuisse:

125 859 237 914 quod
275 873 352 901 nec
390 859 564 913 probari
602 860 746 913 potest
783 857 911 900 certis
950 857 1191 899 rationibus
1229 872 1306 899 nec
1345 859 1518 900 omnino
1550 874 1645 914 pro-

121 930 260 972 babile
288 932 364 972 est.
402 930 649 972 Absurdum
677 929 790 971 enim
823 931 890 971 est
922 930 1111 970 statuere
1144 931 1187 970 et
1213 929 1422 971 absonum
1450 945 1546 971 eum
1573 932 1645 985 qui

119 1001 162 1043 in
200 1001 334 1044 totius
373 1001 514 1056 operis
556 1005 805 1044 transcursu
845 1001 951 1042 satis
994 999 1264 1042 abundanter
1302 1003 1344 1042 et
1383 1001 1553 1055 copiose
1595 1002 1645 1043 de

121 1073 270 1128 figuris
296 1073 433 1129 egerit
460 1073 637 1115 eandem
662 1088 753 1115 rem
781 1071 928 1114 eodem
957 1071 1105 1114 ordine
1132 1071 1290 1113 eisdem
1318 1073 1461 1114 uerbis
1488 1073 1645 1114 eisdem

120 1144 276 1187 additis
303 1145 508 1200 exemplis
534 1144 852 1187 retractauisse:
889 1159 972 1198 qua
999 1158 1105 1198 opus
1133 1144 1307 1186 omnino
1338 1158 1427 1186 non
1460 1147 1552 1186 erat
1583 1159 1644 1186 re-

119 1216 377 1258 tractatione
410 1231 548 1271 neque
581 1217 654 1258 ille
687 1216 881 1257 crambes
909 1215 1117 1269 repetitae
1143 1214 1385 1257 conuicium
1413 1216 1644 1272 effugisset.

118 1287 268 1343 Neque
299 1303 401 1330 uero
439 1288 711 1330 inuentorem
745 1302 837 1329 sese
877 1301 969 1328 esse
1002 1286 1128 1328 huius
1161 1286 1380 1328 doctrinae
1414 1287 1463 1329 de
1496 1288 1644 1343 figuris

119 1360 300 1414 scriptor
338 1359 389 1400 ad
420 1358 520 1400 Her.
554 1362 628 1401 aut
658 1358 722 1401 IV
749 1360 786 1412 7,
811 1359 864 1400 10
903 1360 977 1400 aut
1017 1357 1120 1399 alibi
1165 1359 1462 1413 pronuntiauit
1508 1373 1644 1414 neque

119 1445 210 1473 sese
253 1431 439 1487 primum
484 1431 658 1473 nomina
703 1430 867 1473 Graeca
911 1429 1177 1472 conuertisse
1217 1430 1242 1472 l.
1274 1444 1308 1471 s.
1347 1433 1535 1473 testatus
1580 1434 1646 1472 est

117 1517 255 1557 neque
293 1503 330 1544 si
367 1502 449 1544 hoc
486 1501 674 1558 fecisset,
712 1517 790 1544 nos
828 1502 1114 1543 crederemus:
1152 1515 1237 1556 qua
1275 1501 1325 1543 de
1362 1516 1407 1543 re
1445 1502 1560 1544 infra
1597 1502 1643 1544 111

117 1575 255 1629 capite
293 1574 405 1629 quod
444 1577 510 1616 est
550 1574 600 1616 de
639 1574 721 1616 fide
760 1574 981 1628 scriptoris
1020 1573 1073 1614 ad
1106 1573 1207 1614 Her.
1246 1576 1398 1629 agetur
1435 1573 1641 1629 pluribus.

120 1645 201 1688 Sed
234 1645 326 1701 ipse
357 1645 429 1687 ille
461 1660 697 1688 consensus
730 1647 952 1700 utriusque
980 1645 1120 1699 operis
1154 1644 1303 1700 magni
1329 1645 1456 1699 pretii
1484 1645 1564 1688 erit
1591 1646 1642 1687 ad

115 1717 325 1759 librorum
363 1718 415 1759 ad
453 1717 554 1759 Her.
591 1717 780 1760 indolem
824 1720 865 1758 et
908 1720 1107 1759 naturam
1153 1719 1266 1758 recte
1311 1718 1642 1760 aestimandam:

116 1790 188 1845 qui
228 1789 345 1831 nullo
383 1792 508 1844 pacto
548 1789 710 1844 poterit
748 1788 952 1845 explicari
990 1788 1072 1829 nisi
1120 1793 1347 1844 utrumque
1389 1789 1643 1844 scriptorem

118 1861 408 1916 praeceptoris
441 1860 629 1902 eiusdem
665 1875 881 1903 sermones
908 1861 975 1902 uel
1003 1860 1164 1902 dictata
1191 1860 1235 1901 in
1263 1861 1642 1903 commentariolos

116 1948 215 1975 suos
246 1933 464 1975 rettulisse
497 1935 752 1975 statuemus.

233 2004 350 2060 Ergo
389 2004 484 2059 quis
523 2006 672 2046 auctor
709 2004 839 2046 fuerit
877 2004 1087 2046 librorum
1126 2004 1178 2045 ad
1211 2004 1311 2046 Her.
1344 2019 1422 2047 nos
1464 2006 1640 2048 omnino

114 2075 339 2117 nescimus.
385 2073 657 2117 Schuetzium
693 2089 794 2117 uero
829 2075 901 2130 qui
933 2074 1239 2116 M.Antonium
1270 2074 1543 2130 Gniphonem
1577 2078 1641 2118 in-

115 2147 235 2188 uenit
279 2148 496 2188 auctorem
540 2171 588 2176 —
632 2146 779 2201 quidni
824 2146 999 2187 Ateium
1044 2145 1348 2202 Philologum‘?
1399 2148 1642 2204 interrogat

115 2215 346 2258 HGraffius
378 2217 478 2260 Mel.
511 2216 802 2260 Greco-Rom.
832 2216 875 2258 Π
907 2232 946 2272 p.
968 2218 1055 2260 320
1078 2241 1126 2247 —-
1153 2220 1196 2259 et
1228 2217 1640 2261 ACvanHeusdeum

115 2289 187 2343 qui
207 2286 429 2330 L.Aelium
452 2287 661 2331 Stilonem
683 2289 1001 2331 commendauit
1019 2289 1064 2331 in
1084 2289 1382 2344 disquisitione
1403 2291 1453 2332 de
1467 2291 1641 2334 L.Aelio

113 2358 278 2402 Stilone
317 2359 505 2402 Traiecti
549 2361 601 2402 ad
647 2360 845 2402 Rhenum
886 2360 999 2403 1839
1045 2360 1160 2402 edita
1204 2376 1275 2403 eos
1319 2376 1398 2404 nos
1446 2363 1640 2417 pluribus

112 2445 198 2472 non
230 2431 514 2474 refutabimus
545 2432 672 2473 ueriti
704 2447 756 2473 ne
790 2432 1043 2487 bybliopola
1080 2433 1260 2487 paginas
1299 2436 1341 2475 et
1373 2436 1537 2476 cartam
1571 2435 1638 2477 de-

111 2504 242 2558 neget
274 2502 638 2557 disputationibus
672 2504 1012 2558 superuacaneis.

230 2572 379 2629 Neque
424 2574 564 2616 minor
609 2590 711 2616 sane
756 2574 989 2616 difficultas
1034 2590 1162 2629 quam
1206 2575 1283 2617 illa
1328 2592 1436 2631 quae
1482 2581 1547 2619 est
1591 2578 1923 2641 inD⁰}jg}¹¹1‘³102{³'-²f³³

113 2647 285 2688 auctore
326 2645 582 2687 inueniendo
629 2648 770 2687 exstat
812 2645 857 2686 in
900 2645 999 2687 libri
1041 2646 1169 2688 titulo
1209 2648 1493 2691 restituendo:
1538 2664 1637 2691 nam

111 2718 302 2758 ueterem
333 2717 660 2773 inscriptionem
687 2717 828 2771 operis
861 2732 945 2758 una
977 2731 1074 2759 cum
1107 2719 1294 2761 auctoris
1327 2721 1500 2762 nomine
1534 2722 1640 2763 anti-

112 2789 257 2843 quitus
302 2788 479 2843 periisse
525 2803 796 2844 summopere
840 2788 1064 2843 probabile
1108 2793 1184 2831 est.
1247 2789 1366 2832 Nihil
1411 2806 1513 2834 uero
1555 2793 1638 2835 huc

113 2855 333 2913 pertinent
365 2860 572 2901 eiusmodi
606 2860 781 2901 nomina
813 2860 957 2915 qualia
990 2875 1040 2902 ex
1073 2863 1396 2916 comparatione
1429 2863 1637 2907 librorum
