2003 3116
704 149 1072 184 PROLEGOMENA.
1561 151 1639 191 101

243 256 315 310 qui
346 257 523 310 prodere
555 257 753 298 hostibus
785 257 970 311 patriam
1001 257 1220 311 coyitarc't‘?

248 326 369 376 Quod
402 327 658 369 maleficium
691 342 787 368 cum
819 327 900 369 hoc
931 328 1090 369 scelere
1120 330 1358 383 conparari,

244 397 356 452 quod
388 397 487 439 huic
518 397 728 440 maleficio
761 398 937 453 dignum
970 398 1226 453 supplicium
1259 402 1402 454 potest
1434 402 1644 443 inueniri?

163 476 188 498 ¹¹
241 466 293 508 In
336 467 407 522 iis,
451 468 524 523 qui
567 468 805 510 uiolassent
843 469 1097 524 ingenuum,
1141 470 1510 514 matremfamilias
1553 486 1642 514 ccm-

122 542 393 593 domuissent,

240 610 540 651 uolnerassent
572 610 758 665 aliquem
790 613 863 652 aut
894 612 1110 664 postremo
1141 617 1347 654 necassent

241 680 428 722 maxima
454 680 663 734 supplicia
691 681 873 722 maiores
901 686 1276 736 consumpserunt:
1303 684 1402 725 huic
1428 687 1643 727 truculen-

124 751 289 792 tissimo
312 765 360 792 ac
379 751 543 792 nefario
566 751 747 793 facinori
768 751 1028 806 singularem
1048 767 1230 806 poenam
1256 769 1343 796 non
1369 756 1644 810 reliquerunt.

121 821 263 876 Atque
295 822 340 864 in
371 822 467 864 aliis
500 822 721 864 maleficiis
754 822 808 863 ad
842 822 1032 877 singulos
1064 826 1138 864 aut
1164 824 1217 865 ad
1243 839 1402 880 paucos
1430 841 1479 868 ex
1506 829 1642 870 alieno

120 896 295 948 peccato
323 893 480 935 iniuria
510 893 722 948 peruenit:
754 893 880 935 huius
914 894 1085 936 sceleris
1119 896 1190 950 qui
1223 899 1321 938 sunt
1355 898 1527 953 adfines,
1558 914 1642 941 uno

119 965 298 1006 consilio
319 964 531 1006 uniuersis
553 964 718 1006 ciuibus
740 965 1033 1006 atrocissimas
1050 967 1316 1009 calamitates
1344 969 1642 1012 machinantur.

238 1035 272 1077 O
305 1036 418 1077 feros
452 1036 635 1077 animos!
669 1050 692 1077 0
727 1036 918 1077 crudeles
952 1037 1240 1092 cogitationes!

237 1122 261 1148 0
295 1107 520 1149 derelictos
554 1107 750 1149 homines
783 1107 837 1149 ab
871 1108 1145 1150 humanitate!

242 1178 350 1227 Quid
384 1192 510 1233 agere
543 1179 637 1219 ausi
670 1182 770 1220 sunt
802 1182 875 1220 aut
909 1181 1098 1235 cogitare
1123 1182 1323 1233 possunt?

235 1265 319 1305 quo
357 1252 484 1304 pacto
523 1249 689 1304 hostes,
727 1250 912 1292 reuulsis
952 1251 1161 1293 maiorum
1201 1253 1423 1308 sepulcrm,
1467 1254 1640 1296 deiectis

118 1321 358 1376 moenibus,
390 1323 570 1362 ouantes
603 1321 823 1362 inruerent
854 1322 898 1362 in
929 1323 1150 1364 ciuitatem:

235 1407 318 1446 quo
346 1392 471 1434 modo
499 1392 624 1433 (lcum
650 1393 824 1447 templis
852 1393 1062 1448 spoliatis,
1096 1395 1379 1448 optimatibus
1406 1396 1641 1451 trucidatis,

116 1463 214 1505 aliis
248 1463 438 1517 abreptis
470 1463 515 1504 in
546 1465 800 1518 seruitutem,

233 1534 632 1576 matribusfamilias
661 1537 702 1575 et
728 1535 926 1589 ingenuis
954 1537 1032 1576 sub
1060 1536 1259 1578 hostilem
1287 1537 1509 1579 libidinem
1544 1539 1639 1579 sub-

114 1606 236 1648 iectis
269 1606 371 1648 urbs
405 1605 681 1647 acerbissimo
718 1606 915 1647 concidat
946 1607 1141 1648 incendio
1175 1609 1443 1663 conslafflala:

232 1678 304 1732 qui
345 1691 389 1718 se
428 1691 515 1718 non
552 1679 708 1731 putant
745 1677 806 1731 id,
845 1678 957 1731 quod
995 1679 1228 1732 uoluerint,
1268 1679 1321 1720 ad
1355 1680 1516 1721 exitum
1549 1695 1641 1734 per-

113 1749 295 1801 duxisse,
326 1747 412 1789 nisi
444 1748 745 1790 sanctissimae
777 1749 943 1803 patriae
977 1749 1265 1791 miserandum
1298 1751 1494 1793 scelerati
1526 1752 1638 1793 uide-

112 1820 199 1861 rint
230 1819 426 1861 cinerem.
490 1818 667 1874 Nequeo
699 1820 842 1861 uerbis
876 1820 1097 1875 consequi,
1131 1821 1304 1875 iudices,
1337 1822 1637 1877 indignitatem

112 1891 190 1947 rei3
225 1890 299 1932 sed
330 1890 628 1946 neglegentius
661 1891 704 1932 id
736 1891 840 1946 fero,
873 1891 970 1946 quia
1003 1906 1079 1932 uos
1113 1893 1196 1933 mei
1228 1907 1310 1934 non
1342 1894 1489 1947 090ίίδῖ

229 1960 281 2003 111
313 1962 466 2016 quibus
499 1962 843 2017 quattuordecies
876 1963 921 2003 in
955 1962 1202 2004 dichoreum
1235 1964 1459 2018 periodum
1499 1966 1639 2006 uoluit

113 2034 238 2087 exire,
271 2033 447 2087 spissius
480 2032 525 2073 in
557 2033 767 2087 principio
802 2036 844 2074 et
876 2033 1085 2087 crebrius,
1122 2049 1206 2088 quo
1239 2035 1379 2090 magis
1413 2036 1560 2077 statim
1594 2037 1637 2076 in

112 2104 322 2159 principio
362 2104 515 2157 capitis
555 2104 769 2146 auditores
808 2104 1065 2159 intellegant
1102 2119 1192 2145 rem
1231 2119 1408 2160 grauem
1448 2108 1636 2161 tractari,

113 2175 166 2216 ad
198 2175 326 2215 finem
357 2174 494 2215 rarius
528 2177 570 2215 ct
601 2174 848 2228 modestius,
880 2190 934 2216 ne
967 2176 1180 2217 cantilena
1212 2175 1379 2218 dicatur
1411 2177 1562 2219 oratio.

229 2245 319 2287 Iam
354 2245 396 2286 id
429 2245 542 2300 quod
569 2246 760 2301 sequitur
786 2246 902 2301 9,13
936 2247 1173 2302 exemplum
1209 2248 1376 2303 generis
1410 2248 1635 2290 mediocris

110 2317 306 2371 perlegas
333 2331 509 2371 quaeso:
541 2317 583 2357 in
612 2317 731 2358 cuius
751 2317 874 2359 initio
901 2333 1111 2373 nusquam
1140 2322 1320 2373 apparet
1340 2319 1565 2360 dichoreus
1590 2320 1633 2360 111

110 2388 330 2430 clausulis:
369 2402 505 2443 neque
538 2388 650 2429 enim
681 2389 852 2444 iudices,
884 2390 1031 2432 uidetis
1062 2392 1136 2431 aut
1169 2390 1413 2444 discessent,
1444 2391 1636 2432 malebant

110 2458 172 2500 ita
208 2473 412 2513 umquam
450 2460 591 2514 potuit
630 2461 899 2513 pronuntiari
937 2463 1115 2516 propter
1152 2476 1332 2515 pausam
1372 2461 1489 2503 uocis
1521 2462 1633 2502 inter

109 2528 184 2570 illa
222 2529 433 2570 uocabula
471 2530 815 2572 intercedentem.
878 2531 929 2572 In
960 2532 1100 2572 media
1132 2532 1324 2574 oratione
1355 2531 1634 2573 inueniuntur

110 2600 296 2654 positum
313 2603 514 2654 putarent
537 2604 579 2642 et
605 2602 895 2656 apparatiores
915 2603 1116 2644 uenirent:
1144 2602 1188 2643 in
1208 2603 1324 2644 exitu
1345 2603 1473 2644 altius
1495 2603 1633 2657 surgit

109 2671 315 2713 orationis
355 2671 591 2726 amplitudo
630 2673 676 2713 in
714 2673 927 2714 sententia
963 2673 1038 2714 illa
1070 2688 1177 2728 quae
1219 2674 1305 2715 exit
1340 2673 1382 2714 in
1414 2674 1633 2726 prouidere

109 2744 153 2783 et
183 2742 229 2783 in
267 2745 470 2796 sequente
509 2743 730 2784 enuntiato
769 2743 886 2784 cuius
926 2746 1118 2785 extrema
1155 2759 1238 2785 uox
1270 2746 1335 2785 est
1372 2744 1630 2785 sustulerunt.

109 2812 233 2854 Unde
272 2816 449 2867 apparet
487 2813 530 2853 in
569 2812 649 2854 hoc
687 2814 881 2867 exemplo
920 2817 1070 2869 quater
1107 2814 1229 2855 illam
1268 2814 1505 2856 adhibitam
1539 2829 1630 2856 esse.

111 2883 363 2925 clausulam:
395 2885 440 2925 in
467 2884 658 2938 exemplo
687 2884 855 2938 generis
883 2885 1093 2927 attenuati
1127 2886 1192 2940 10,
1217 2886 1271 2927 14
1302 2900 1411 2927 unus
1444 2888 1630 2927 tantum-
