2003 3116
548 132 691 164 LIBER
715 132 744 166 1.
795 131 893 167 CAP.
926 134 1072 165 11-12.
1123 133 1142 173 s
1169 133 1318 165 19-22.
1604 130 1688 171 201

352 237 458 282 Cum
497 239 652 282 Lucius
696 237 953 281 Saturninus
997 240 1138 295 legem
1178 239 1502 281 frumentariam
1545 238 1594 281 de
1631 253 1690 281 se-

233 310 436 352 missibus
469 314 512 353 et
542 311 770 354 trientibus
802 311 967 353 laturus
1000 314 1131 366 esset,
1163 310 1269 366 <Q.>
1302 310 1474 366 Caepio,
1513 310 1585 366 qui
1616 325 1692 366 per

234 382 275 423 id
302 383 510 437 temporis
537 385 738 437 quaestor
757 382 945 424 urbanus
967 385 1070 437 erat,
1097 382 1240 424 docuit
1261 384 1458 424 senatum
1479 382 1691 424 aerarium

234 453 325 507 pati
357 468 441 495 non
478 468 603 508 posse
641 453 918 509 largitionem
955 456 1133 496 tantam.
1195 452 1377 495 Senatus
1418 453 1623 509 decreuit,
1655 454 1692 495 si

237 539 328 566 eam
355 525 494 579 legem
523 525 575 566 ad
601 525 807 579 populum
832 524 956 578 ferat,
983 523 1184 565 aduersus
1205 539 1295 565 rem
1315 524 1531 580 publicam
1557 523 1693 565 uideri

237 610 286 637 ea
333 595 482 637 facere.
545 594 800 637 Saturninus
844 594 954 636 ferre
999 596 1155 649 coepit,
1194 595 1384 650 collegae
1422 595 1693 637 intercedere.

234 665 312 707 Ille
343 665 623 707 nihilominus
657 666 845 708 sitellam
879 666 1040 708 detulit.
1104 664 1281 721 Caepio,
1312 670 1360 708 ut
1391 667 1511 707 illum
1545 668 1693 708 contra

234 736 598 779 intercedentibus
631 737 823 792 collegis,
856 737 1058 778 aduersus
1085 752 1174 778 rem
1199 737 1414 792 publicam
1439 737 1548 779 uidit
1572 738 1694 792 ferre,

236 822 329 850 cum
369 809 472 858 uiris
510 807 633 850 bonis
674 809 880 862 impetum
925 808 1046 862 facit,
1091 811 1246 862 pontes
1292 808 1523 864 disturbat,
1565 810 1694 851 cistas

124 893 156 917 10
237 879 374 933 deicit,
393 879 700 935 impedimento
723 882 800 935 est,
821 894 903 935 quo
926 879 1058 922 setius
1080 880 1258 922 feratur:
1279 880 1510 922 accersitur
1535 879 1693 936 Caepio

234 952 486 995 maiestatis,

294 1021 560 1064 Constitutio
601 1023 796 1078 legitima
845 1038 894 1064 ex
940 1023 1200 1065 definitione.
1267 1023 1534 1066 Vocabulum
1583 1024 1695 1065 enim

175 1094 375 1136 definitur
405 1094 558 1149 ipsum,
586 1109 682 1136 cum
704 1095 940 1149 quaeritur,
974 1095 1074 1150 quid
1107 1096 1163 1136 sit
1187 1095 1376 1137 minuere
1410 1095 1693 1137 maiestatem.

293 1165 361 1207 Ex
393 1166 741 1208 translatione
774 1167 1066 1214 controuersia
1105 1167 1313 1222 nascitur,
1352 1182 1447 1209 cum
1486 1170 1560 1208 aut
1589 1169 1753 1212 tem-22

125 1248 156 1273 15
175 1252 254 1293 pus
287 1237 567 1279 differendum
601 1240 675 1279 aut
707 1240 999 1280 accusatorem
1032 1237 1283 1279 mutandum
1311 1240 1384 1279 aut
1416 1238 1575 1280 iudices
1608 1253 1697 1280 mu-

176 1308 331 1354 tandos
370 1324 466 1351 reus
500 1309 614 1351 dicit.
681 1308 775 1351 Hac
814 1311 936 1363 parte
975 1309 1298 1351 constitutionis
1332 1309 1484 1351 Graeci
1515 1310 1560 1351 in
1591 1309 1696 1351 iudi-

177 1380 272 1434 ciis,
303 1395 383 1423 nos
422 1381 468 1422 in
507 1380 596 1422 iure
638 1380 790 1433 [ciuili]
830 1380 1082 1435 plerumque
1123 1381 1293 1423 utimur.
1357 1380 1426 1434 [In
1463 1381 1543 1423 hac
1575 1385 1696 1435 parte

175 1466 254 1493 nos
286 1452 391 1494 iuris
424 1452 564 1494 ciuilis
603 1451 781 1493 scientia
819 1450 1005 1506 iuuabit]
1037 1451 1087 1493 In
1119 1451 1287 1493 iudiciis
1324 1454 1470 1493 tamen
1501 1452 1697 1494 nonnihil

176 1522 337 1564 utimur
369 1525 415 1564 ut
447 1523 527 1565 hoc
560 1522 705 1564 modo:

124 1606 158 1630 20
355 1592 398 1636 Si
425 1594 519 1649 quis
539 1594 761 1649 peculatus
789 1598 1025 1650 accusatur,
1045 1595 1158 1649 quod
1178 1610 1284 1637 uasa
1304 1597 1508 1651 argentea
1528 1596 1699 1651 puplica

237 1666 287 1707 de
320 1666 411 1707 loco
445 1666 613 1720 priuato
646 1665 810 1707 dicatur
843 1665 1084 1717 sustulisse,
1119 1667 1258 1721 possit
1290 1667 1441 1722 dicere,
1474 1683 1569 1710 cum
1602 1668 1698 1709 defi-

236 1737 397 1779 nitione
431 1737 486 1778 sit
526 1752 647 1792 usus,
686 1737 787 1792 quid
825 1737 882 1779 sit
919 1737 1100 1792 furtum,
1138 1738 1237 1792 quid
1275 1738 1517 1794 peculatus,
1556 1754 1698 1782 secum

235 1808 338 1850 furti
372 1808 454 1863 agi,
486 1823 573 1850 non
606 1808 828 1863 peculatus
863 1811 1071 1864 oportere.

293 1878 411 1921 Haec
443 1879 618 1934 partitio
651 1879 870 1934 legitimae
904 1881 1225 1923 constitutionis
1257 1881 1324 1923 his
1352 1882 1401 1923 de
1435 1882 1575 1924 causis
1602 1897 1698 1924 raro

297 1985 317 2020 1
346 1984 460 2019 lutius
489 1984 519 2020 G
542 1985 564 2019 l.
593 1986 617 2020 d
715 1985 902 2019 saturnius
929 1987 940 2020 l
1036 1986 1174 2032 legem]
1202 1987 1322 2031 legem
1353 1987 1643 2023 controuersiam
1663 1988 1699 2023 b¹

178 2038 200 2072 2
229 2038 269 2081 Q.
298 2038 439 2082 cepiob
473 2039 514 2080 Q.
543 2037 640 2083 cipio
656 2039 680 2074 cl
712 2038 883 2082 cepioZC'
916 2039 1095 2084 coepioB
1128 2041 1256 2085 caepio
1283 2042 1414 2086 reliqui
1487 2041 1584 2086 perit
1598 2041 1700 2076 ΗΒ1

176 2103 240 2135 per
266 2090 298 2124 it
327 2092 377 2125 Pl
426 2091 693 2135 3temporibus
719 2091 765 2126 Η
822 2093 991 2126 senatum
1017 2103 1072 2127 om
1099 2093 1119 2127 b
1181 2092 1205 2127 4
1231 2094 1373 2127 tantam
1402 2093 1639 2138 largitionem
1659 2094 1705 2128 H

178 2144 200 2179 5
227 2155 303 2179 rem
329 2148 363 2188 p.
391 2144 477 2179 sz
502 2157 530 2178 r.
557 2156 591 2189 p.
618 2145 642 2179 d
762 2145 786 2179 6
813 2155 893 2178 eam
916 2145 946 2180 G
979 2155 1062 2179 eum
1090 2146 1102 2180 Z
1223 2146 1407 2181 saturnius
1437 2147 1466 2182 G
1559 2148 1698 2194 coepit]

177 2197 307 2241 coepio
333 2197 378 2231 H
441 2197 539 2231 inter
564 2197 693 2232 cedere
719 2197 846 2233 ΗΒΘ
910 2198 928 2232 7
955 2198 1049 2233 nihil
1077 2198 1221 2233 ominus
1250 2199 1324 2234 PG
1381 2201 1541 2235 sitellam
1558 2201 1700 2236 HP¹B

178 2250 351 2285 cistellam
378 2250 475 2285 1³21]
499 2254 526 2283 E
560 2251 620 2285 uel
647 2250 829 2286 cistellam
857 2251 1017 2286 sitellam
1045 2253 1075 2287 G
1200 2254 1327 2298 caepio
1356 2254 1437 2288 PH
1472 2255 1600 2299 coepio
1628 2255 1703 2290 BG

178 2304 283 2348 cepio
310 2305 350 2339 bl
389 2303 485 2348 cipio
513 2305 546 2346 d,
574 2315 629 2339 om
654 2304 700 2339 H
764 2306 892 2339 contra
917 2303 1023 2340 illum
1050 2307 1091 2340 ut
1112 2305 1142 2340 G
1207 2306 1229 2341 S
1255 2305 1354 2341 inter
1380 2307 1598 2342 cedentibus
1618 2307 1704 2342 ΗΡ

177 2368 253 2391 rem
280 2361 315 2401 s).
344 2357 558 2404 HPHObl
582 2370 608 2392 r.
636 2370 670 2402 p.
698 2358 722 2393 d
812 2358 916 2394 uidet
941 2359 965 2394 d
1048 2359 1143 2393 ferre
1170 2371 1225 2395 om
1251 2361 1295 2394 H
1315 2360 1436 2396 facere
1464 2362 1483 2396 b
1510 2362 1700 2407 Kayserus

177 2412 201 2445 9
226 2412 360 2455 potens
389 2410 419 2445 G
451 2413 604 2455 pontem
632 2412 651 2446 b
738 2412 787 2447 10
813 2412 949 2447 deiecit
974 2413 993 2447 b
1079 2413 1278 2448 arcessitur
1303 2414 1341 2449 ld
1432 2415 1559 2460 coepio
1580 2414 1704 2450 HEC

178 2464 282 2508 cepio
310 2465 350 2499 bl
389 2463 486 2508 cipio
513 2466 536 2500 d
652 2465 701 2499 12
727 2465 948 2501 diffinitione
973 2469 1001 2498 E
1117 2466 1166 2500 13
1192 2467 1371 2502 diffinitur
1395 2471 1422 2501 E
1538 2467 1627 2512 quid
1654 2469 1702 2502 sit

178 2518 342 2552 minuere
379 2516 509 2551 1:1320
575 2518 663 2561 quid
707 2519 749 2552 ut
792 2518 966 2553 minuerit
1004 2519 1149 2553 HP¹B
1206 2520 1294 2565 quid
1338 2520 1566 2556 imminuerit
1606 2520 1704 2555 P2H

179 2570 229 2605 14
254 2570 420 2605 nascitur
445 2572 698 2606 controuersia
722 2573 747 2606 d
843 2574 907 2606 aut
932 2574 1080 2616 tempus
1107 2572 1349 2608 differendum
1376 2579 1420 2618 E,
1448 2586 1500 2610 om
1528 2574 1607 2609 ΒΟ
1627 2574 1700 2608 ale-

177 2634 255 2668 pos.
282 2624 295 2658 t
322 2622 493 2658 different
518 2623 562 2658 H
596 2623 739 2668 allepos
766 2624 950 2659 differrem
982 2626 1057 2669 (secl
1089 2638 1124 2659 m
1151 2630 1212 2660 ml
1240 2628 1281 2661 in
1306 2638 1349 2660 ns
1376 2628 1530 2673 mutata)
1556 2627 1603 2661 Pl
1637 2629 1702 2662 aut

177 2679 263 2722 post
289 2675 532 2711 differendum
558 2676 610 2710 Ρ2
652 2678 728 2712 alia
747 2681 833 2722 post
858 2677 1032 2713 differens
1059 2681 1099 2712 H
1194 2679 1243 2714 16
1270 2679 1479 2714 GraeciEC
1501 2679 1592 2715 creti
1617 2681 1701 2716 ‘reli-

179 2730 242 2775 qui
303 2729 349 2764 17
379 2728 481 2764 ciuili
507 2730 563 2764 del
588 2730 778 2777 Kayserus
839 2731 979 2765 utimur
1003 2732 1220 2776 plerumque
1247 2733 1266 2767 b
1353 2734 1390 2767 in
1405 2732 1475 2768 hac
1495 2733 1702 2768 ——iuuabit

178 2784 235 2818 del
259 2782 449 2828 Kayserus
529 2782 578 2817 18
605 2784 790 2819 sententia
816 2785 836 2818 b
909 2783 1036 2819 iudicii
1057 2784 1099 2820 H
1169 2785 1358 2830 nonnihil]
1385 2798 1459 2821 non
1479 2797 1523 2821 ea
1543 2787 1658 2822 nichil
1677 2789 1701 2822 d

178 2835 228 2870 20
260 2837 452 2870 accusator
483 2836 534 2870 Pl
642 2837 792 2881 puplica
824 2837 868 2871 H
912 2837 1062 2882 publica
1092 2839 1225 2883 reliqui
1344 2839 1391 2874 21
1426 2839 1648 2875 diffinitione
1673 2844 1700 2874 E

180 2888 227 2922 22
256 2900 362 2923 usum
387 2889 433 2924 H
526 2889 575 2924 24
600 2890 761 2935 perditio
788 2891 832 2925 H
