2003 3116
612 130 756 162 LLBER
782 131 808 162 1.
862 130 960 162 CAP.
992 133 1079 162 1—3
1130 132 1148 170 g
1177 132 1278 164 1—5.
1621 128 1702 168 189

298 236 534 278 imitatio
569 239 651 291 est,
689 251 771 291 qua
804 237 1052 290 inpellimur
1090 251 1183 278 cum
1223 236 1418 292 diligenti
1459 236 1624 277 ratione
1656 238 1704 276 ut

182 307 422 362 aliquorum
458 307 621 349 similes
654 308 698 349 in
731 307 907 349 dicendo
940 308 1159 349 ualeamus
1192 322 1294 349 esse.

299 377 624 420 Exercitatio
657 381 723 420 est
755 378 956 420 adsiduus
988 393 1089 420 usus
1122 378 1465 432 consuetudoque
1498 378 1674 420 dicendi.

302 448 511 497 Quoniam
547 463 650 505 ergo
683 449 1022 490 demonstratum
1057 452 1131 502 est,
1164 464 1269 504 quas
1305 464 1455 490 causas
1489 452 1703 491 oratorem

147 534 163 559 5
183 521 369 575 recipere
402 535 592 575 quasque
626 535 693 561 res
728 520 884 561 habere
917 521 1158 573 conueniat,
1189 535 1312 570 nunc,
1346 520 1704 574 quemadmodum

183 592 322 645 possit
348 592 486 633 oratio
514 592 566 633 ad
593 592 803 633 rationem
833 591 1018 632 oratoris
1047 591 1175 632 officii
1207 591 1536 645 adcommodari,
1569 591 1705 633 dicen-

183 661 282 703 dum
315 662 494 704 uidetur.

300 732 498 774 quentio
520 733 562 774 in
582 732 665 774 'sex
693 735 834 787 partes
863 732 1069 774 orationis
1097 732 1377 774 consumitur:
1404 732 1446 773 in
1475 734 1705 787 exordium,

182 804 485 856 narrationem,
517 804 787 858 diuisionem,
817 803 1200 858 confirmationem,
1227 803 1579 857 confutationem,
1611 820 1703 846 con-

131 888 164 912 ιο
184 875 428 916 elusionem.

301 947 577 988 Exordium
617 950 682 988 est
718 947 976 1001 principium
1016 946 1243 1001 orationis,
1273 960 1349 1001 per
1387 946 1497 1000 quod
1538 947 1705 988 animus

185 1017 389 1060 auditoris
422 1019 699 1060 constituitur
732 1018 783 1059 ad
817 1017 1085 1060 audiendum.
1567 1021 1570 1023 ’

302 1088 547 1131 Narratio
581 1092 645 1131 est
676 1104 818 1131 rerum
852 1092 1070 1144 gestarum
1097 1092 1171 1130 aut
1197 1089 1373 1143 proinde
1406 1092 1453 1130 ut
1486 1092 1705 1143 gestarum

184 1160 406 1215 expositio.

133 1242 166 1268 15
306 1231 509 1273 Diuisio
543 1234 626 1285 est,
658 1247 733 1286 per
766 1247 892 1287 quam
928 1232 1162 1287 aperimus,
1196 1232 1295 1287 quid
1328 1233 1574 1287 conueniat,
1606 1232 1706 1286 quid

184 1303 228 1344 in
260 1303 558 1345 controuersia
590 1304 657 1358 sit,
690 1305 732 1344 et
764 1318 840 1358 per
866 1318 994 1358 quam
1023 1303 1287 1358 exponimus,
1320 1303 1474 1358 quibus
1502 1303 1552 1343 de
1580 1303 1706 1344 rebus

185 1374 318 1416 simus
352 1374 501 1416 acturi.

304 1444 648 1488 Confirmatio
693 1449 760 1487 est
807 1449 1054 1488 nostrorum
1099 1448 1450 1501 argumentorum
1495 1445 1707 1500 expositio

185 1532 278 1559 cum
311 1518 643 1559 adseueratione.

132 1599 167 1624 20
304 1587 606 1631 Confutatio
641 1591 705 1630 est
737 1590 1052 1631 contrariorum
1085 1590 1275 1631 locorum
1309 1588 1546 1630 dissolutio.

304 1658 578 1702 Conclusio
611 1667 676 1702 est
708 1661 965 1703 artificiosus
999 1661 1208 1702 orationis
1241 1660 1464 1702 terminus.

302 1731 440 1786 Nunc,
466 1733 667 1787 quoniam
694 1748 778 1774 una
798 1748 893 1774 cum
922 1733 1105 1774 oratoris
1133 1723 1298 1786 officiis,
1325 1747 1407 1787 quo
1436 1746 1504 1772 res
1532 1730 1706 1785 cognitu

184 1803 350 1845 facilior
388 1807 516 1859 esset,
554 1804 750 1858 producti
789 1819 952 1858 sumus,
985 1806 1032 1844 ut
1070 1803 1120 1845 de
1158 1804 1367 1845 orationis
1407 1802 1602 1856 partibus
1647 1802 1705 1842 lo-

187 1889 413 1929 queremur
444 1878 486 1916 ct
517 1890 588 1917 eas
629 1876 679 1917 ad
717 1875 980 1917 inuentionis
1020 1875 1230 1916 rationem
1269 1873 1710 1928 adcommofflucmus,

133 1954 166 1979 2⁵
186 1947 236 1987 de
269 1947 476 1989 exordio
508 1947 693 2002 primum
727 1946 950 1988 dicendum
983 1947 1162 1988 uidetur.

304 2017 443 2061 Causa
475 2018 635 2073 posita,
675 2032 757 2072 quo
791 2017 1056 2059 commodius
1090 2016 1273 2059 exordiri
1306 2017 1538 2070 possimus,
1572 2053 1597 2071 Ο

185 2104 338 2131 causae
371 2092 435 2130 est
467 2089 831 2132 considerandum.
895 2088 1062 2130 Genera
1094 2103 1317 2130 causarum
1351 2091 1451 2129 sunt
1489 2091 1707 2142 qualtuor:

186 2161 425 2212 honestum,
457 2163 581 2216 turpe
615 2160 801 2214 dubium,
832 2160 1006 2201 humile.

306 2254 353 2289 13
379 2253 445 2288 RG
471 2253 539 2288 VII
558 2258 590 2297 2,
607 2257 673 2288 729
701 2254 763 2287 W:
792 2252 970 2298 Αιήγησίς
997 2249 1094 2287 ἐστιν
1122 2251 1270 2292 ἕκθεσις
1301 2250 1529 2298 πραγμάτων
1556 2250 1708 2297 γεγονό-

186 2322 257 2343 των
284 2306 305 2351 ἣ
333 2308 380 2347 ὡς
404 2307 620 2352 γεγονότων.

305 2403 326 2438 1
353 2403 582 2447 impellimur
681 2402 704 2437 2
730 2402 922 2437 ualeamus
950 2403 1002 2437 bd
1027 2402 1194 2437 ualemus
1222 2403 1234 2436 l
1259 2413 1284 2437 s.
1306 2412 1333 2437 s.
1361 2413 1382 2436 a
1408 2406 1440 2436 et
1465 2401 1526 2435 uel
1552 2400 1709 2435 uelimus

187 2457 211 2491 3
237 2456 404 2491 assiduus
501 2456 525 2491 4
551 2466 637 2501 ergo
666 2456 706 2490 bl
731 2455 844 2499 igitur
870 2457 894 2490 d
990 2456 1012 2491 5
1040 2456 1255 2490 conueniret
1280 2456 1304 2490 d
1400 2456 1424 2489 (ἰ
1451 2455 1570 2499 possit
1591 2454 1710 2488 oratio

188 2510 235 2545 ad
261 2509 443 2544 rationem
469 2508 625 2543 oratoris
653 2508 764 2543 officii
785 2509 1058 2543 accommodari
1077 2510 1089 2544 l
1118 2508 1242 2543 officia
1257 2508 1414 2543 oratoris
1437 2507 1483 2541 ad
1505 2507 1709 2542 orationem

187 2561 459 2599 accommodari
484 2562 628 2607 possint
653 2562 673 2596 b
700 2560 747 2596 ad
774 2562 980 2596 orationem
1007 2561 1129 2597 officia
1160 2562 1302 2606 possint
1326 2561 1486 2606 (possint
1512 2559 1633 2595 officia
1660 2559 1711 2600 ΖΞ)

189 2616 344 2652 oratoris
371 2614 645 2650 accommodari
670 2615 710 2657 d,
738 2614 772 2649 l2
797 2615 839 2649 in
869 2626 983 2660 mary.
1130 2613 1177 2648 12
1210 2614 1390 2648 auditoris
1422 2613 1661 2647 constituitur
1686 2613 1710 2647 d

189 2670 370 2705 auditoris
395 2668 456 2703 uel
481 2667 614 2703 iudicis
639 2666 880 2702 constituitur
905 2668 965 2703 uel
991 2669 1194 2713 apparatur
1220 2668 1261 2702 bl
1357 2666 1405 2700 13
1426 2667 1491 2700 aut
1518 2685 1559 2690 —-
1587 2666 1709 2709 gesta—

188 2736 269 2758 rum
294 2734 350 2758 om
376 2723 396 2757 b
506 2721 555 2757 15
580 2732 646 2766 per
673 2732 784 2765 quam
811 2721 1028 2765 exponimus
1055 2720 1189 2765 quibus
1216 2720 1261 2753 de
1287 2719 1396 2753 rebus
1430 2718 1542 2752 simus
1577 2718 1711 2753 dicturi

189 2779 227 2812 et
262 2788 329 2821 per
366 2787 476 2821 quam
515 2775 700 2821 aperimus
738 2773 828 2819 quid
872 2774 1071 2809 conueniat
1107 2773 1197 2818 quid
1238 2773 1276 2807 in
1315 2772 1568 2808 controuersia
1607 2772 1656 2806 sit
1686 2773 1710 2806 (Ζ

189 2830 238 2866 19
264 2830 538 2865 asseueratione
647 2827 695 2862 21
723 2827 902 2862 terminus
929 2827 1106 2863 orationis
1133 2828 1157 2862 d
1265 2826 1315 2861 24
1341 2826 1709 2861 accommodaremus

188 2883 235 2919 27
264 2882 573 2919 considerandum
598 2882 654 2917 est
678 2882 703 2917 d
800 2880 869 2915 IIII
894 2891 922 2917 s.
941 2892 968 2917 s.
996 2892 1037 2916 or
1062 2881 1074 2915 l
1105 2881 1265 2924 quatuor
1291 2880 1344 2914 bd

1573 2031 1705 2058 O'essUS
1721 2027 1735 2056 ἴ

1721 700 1743 714 O

1720 716 1745 739 ε)

1720 768 1741 797 4
