2003 3116
299 124 354 165 24
874 120 1242 154 PROLEGOMENA.

302 233 447 274 littera
486 232 544 285 R,
585 243 662 284 pro
696 228 734 269 R
771 229 961 268 litteram
994 227 1032 267 A
1071 229 1260 281 poneret.
1323 227 1439 276 Quae
1482 242 1549 269 res
1594 242 1689 270 cum
1732 243 1819 270 non

300 303 437 358 magis
470 301 531 342 rei
562 298 861 353 diplomaticae
902 297 1117 339 studiosos
1150 297 1331 340 delectet
1364 313 1492 353 quam
1533 299 1820 341 emendationi

301 374 398 414 libri
431 371 663 425 opituletur
693 368 886 424 pluribus
921 368 1003 410 erit
1034 369 1272 412 tractanda.
1322 368 1471 423 Itaque
1496 368 1637 424 1122,
1657 370 1713 411 34
1745 386 1820 425 pio

305 443 439 485 Peliae
470 442 514 482 in
543 447 590 482 M
621 440 701 482 fuit
732 440 916 482 testibus
949 439 1031 481 ΗΡ
1058 440 1310 495 peliw,1)ro
1342 454 1480 483 saeuo:
1517 454 1644 492 soemo,
1676 441 1746 493 26,
1765 442 1821 483 42

301 529 376 568 pro
409 512 593 554 (lentulus
624 512 807 553 testibus
841 509 1008 553 HPBC
1040 512 1232 566 remulus,
1264 510 1324 553 IV
1355 511 1421 567 15,
1441 512 1496 553 22
1523 526 1600 566 pro
1626 511 1824 565 reliquiae

304 586 515 625 maneant:
549 583 698 636 reliqui
728 597 769 624 re
795 586 1000 637 maneant,
1032 583 1102 633 40,
1122 583 1177 625 52
1203 598 1280 637 pro
1309 586 1344 625 te
1369 597 1572 625 auarum:
1604 586 1826 639 temcarmn,

301 654 365 696 III
397 655 461 709 12,
482 654 537 696 22
564 669 642 709 pro
676 654 1021 696 lec-litanditorem:
1056 655 1380 709 {edim-editorem,
1416 655 1481 708 14,
1501 653 1558 696 25
1584 668 1661 709 pro
1689 668 1826 696 uocem

303 739 455 779 quoque
492 739 654 780 anyere:
691 739 827 768 uocem
865 739 1019 779 qnoque
1060 739 1217 780 ruyere,
1264 725 1330 780 15,
1349 726 1403 768 27
1446 740 1521 780 pro
1560 728 1738 779 aspectu:
1769 739 1827 768 re-

303 798 453 851 spectu,
490 795 533 837 II
567 796 658 850 3‚4
694 811 772 851 pro
810 796 953 850 aliqua
990 810 1053 838 re:
1092 797 1251 850 reliqua
1281 810 1333 838 re.
1389 796 1552 838 Eadem
1588 796 1828 839 litterarum

305 868 641 909 commutatione
686 868 848 909 factum
893 870 958 909 est
1001 873 1049 909 ut
1093 881 1397 922 saepenumero
1443 881 1520 921 pro
1567 867 1830 910 coniunctiui

306 939 545 994 praesentis
577 939 706 980 tertia
739 939 968 995 singularis
1009 938 1323 994 coniugationis
1358 938 1566 980 secundae
1599 938 1755 981 codicis
1789 945 1836 981 M

306 1010 508 1052 librarius
548 1013 621 1052 aut
659 1010 921 1052 infinitiuum
961 1013 1035 1052 aut
1075 1009 1373 1066 imperfectum
1408 1010 1667 1064 subponeret
1700 1011 1834 1052 ueluti

307 1081 350 1123 ΙΙ
386 1081 459 1136 16,
484 1082 541 1123 24
578 1096 654 1136 pio
693 1061 930 1136 confiteatur
969 1082 1058 1124 cod.
1096 1088 1142 1123 M
1182 1082 1334 1123 habuit
1378 1082 1644 1137 confiteretur,
1688 1083 1757 1137 27,
1777 1083 1834 1125 43

309 1168 387 1208 pro
413 1153 631 1196 contineat:
664 1154 882 1207 continere,
913 1153 977 1195 ΠΙ
1007 1154 1072 1209 16,
1095 1153 1149 1195 28
1178 1167 1255 1207 pro
1278 1153 1457 1205 placeat:
1482 1153 1654 1206 placem
1691 1154 1756 1209 16,
1778 1155 1832 1196 29

310 1239 387 1279 pro
419 1224 592 1266 retineat
620 1215 673 1267 et:
706 1226 909 1279 retineret,
941 1224 1003 1266 IV
1030 1226 1068 1279 3,
1090 1226 1115 1267 6
1148 1239 1224 1279 pro
1256 1225 1440 1266 doceant:
1474 1225 1618 1266 docere.
1671 1223 1834 1267 Contra

311 1297 350 1351 4,
373 1297 395 1338 7
429 1310 506 1351 pro
540 1309 645 1339 erres
675 1303 721 1340 M
752 1296 904 1338 habuit
940 1310 987 1338 ea
1017 1309 1091 1350 res,
1130 1297 1170 1350 4,
1191 1296 1216 1336 6
1249 1309 1326 1348 pro
1358 1295 1495 1337 rudis:
1528 1297 1659 1351 audis,
1693 1297 1761 1350 31,
1781 1297 1836 1339 42

312 1382 388 1423 pro
421 1368 582 1409 rudere:
621 1368 782 1419 audire,
822 1368 861 1422 9,
884 1367 938 1409 13
971 1382 1048 1422 pro
1080 1367 1193 1419 fleti:
1224 1366 1344 1420 facti,
1381 1366 1449 1420 43,
1472 1366 1527 1407 56
1559 1381 1636 1421 pro
1668 1368 1839 1410 rationi-

312 1440 401 1482 bus:
441 1439 677 1482 actionibus.
730 1437 796 1480 Ne
835 1439 880 1480 in
918 1438 997 1480 hac
1032 1438 1201 1493 quidem
1239 1451 1284 1478 re
1326 1437 1465 1479 minus
1504 1437 1616 1480 bona
1649 1442 1691 1480 et
1723 1442 1839 1482 certa

315 1512 397 1552 erit
433 1510 673 1553 emendatio
711 1511 746 1552 si
783 1511 869 1552 iam
906 1510 952 1551 in
991 1509 1209 1552 codicibus
1249 1523 1355 1551 saec.
1383 1507 1445 1550 IX
1477 1509 1693 1552 inuenitur
1726 1511 1837 1566 quod

316 1583 376 1624 eis
409 1597 514 1638 quos
548 1583 673 1624 attuli
712 1582 817 1624 locis
851 1581 1013 1624 factum
1045 1583 1111 1623 est
1143 1595 1476 1635 nonnumquam.
1541 1578 1622 1622 Sed
1655 1596 1838 1636 quonam

319 1647 557 1708 scripturae
591 1667 745 1709 genere
778 1652 939 1695 factum
974 1653 1030 1694 sit
1062 1654 1109 1693 ut
1137 1667 1161 1693 a
1193 1654 1234 1693 et
1266 1666 1287 1692 r
1318 1651 1486 1692 litterae
1519 1652 1630 1694 inter
1663 1667 1706 1694 se
1741 1668 1840 1695 con-

316 1725 551 1767 fundantur
590 1739 613 1766 a
650 1724 845 1779 librario,
890 1738 986 1766 cum
1024 1722 1218 1778 quaestio
1256 1722 1381 1764 nobis
1421 1722 1566 1765 oblata
1605 1724 1673 1779 sit,
1712 1739 1838 1766 nemo

319 1796 471 1852 opinor
502 1810 589 1838 non
622 1795 867 1837 meminerit
899 1794 1133 1849 scripturae
1163 1808 1426 1850 papyrorum
1454 1793 1839 1837 Herculanensium

319 1871 361 1910 et
394 1868 655 1923 apocharum
688 1867 1049 1922 Pompeianarum
1081 1868 1123 1908 et
1156 1865 1411 1908 Dacicarum
1444 1865 1650 1920 cursiuae,
1681 1867 1723 1908 in
1757 1881 1841 1922 qua

320 1941 490 1983 litterae
517 1955 542 1981 a
568 1942 610 1981 11
638 1955 658 1980 1·
685 1939 745 1980 ita
772 1938 930 1980 similes
963 1940 1066 1980 sunt
1098 1938 1234 1980 altera
1267 1937 1393 1978 alteri
1419 1939 1466 1978 ut
1496 1952 1623 1992 aegre
1657 1937 1842 1980 discerni

320 2011 505 2067 possint:
547 2010 641 2052 uide
681 2009 1017 2065 Zangemeisteri
1056 2011 1098 2050 et
1130 2008 1453 2050 Wattenbachii
1492 2009 1686 2063 exempla
1726 2009 1842 2052 codd.

321 2083 571 2124 Latinorum
610 2082 698 2124 tab.
725 2081 750 2123 2
784 2080 1013 2123 Presuhnii
1050 2079 1278 2135 Pompeios
1311 2079 1332 2120 I
1364 2079 1450 2121 tab.
1479 2080 1515 2121 7.
1537 2079 1562 2121 8
1596 2078 1687 2122 CIL
1721 2080 1785 2121 III
1817 2083 1843 2123 2

321 2170 359 2208 p.
386 2154 470 2195 921
489 2168 606 2208 seqq.
656 2152 818 2202 Quodsi
851 2152 1147 2194 demonstrare
1178 2164 1349 2205 possem
1378 2150 1678 2193 confusionem
1705 2166 1723 2193 s
1751 2155 1793 2193 et
1820 2168 1844 2194 11

321 2225 490 2268 litterae
523 2224 723 2266 facillime
756 2223 951 2279 intellegi
985 2223 1030 2265 in
1063 2223 1276 2277 scriptura
1313 2222 1503 2276 cursiua,
1541 2221 1650 2263 nihil
1683 2222 1733 2264 de
1766 2223 1846 2265 hac

324 2311 452 2353 quam
495 2295 621 2338 modo
668 2295 753 2337 dixi
798 2295 1010 2349 scriptura
1056 2293 1279 2348 archetypi
1324 2293 1481 2335 codicis
1514 2299 1559 2334 M
1592 2293 1845 2337 dubitarem.

326 2368 407 2411 Sed
444 2368 556 2409 hanc
598 2381 763 2422 quoque
801 2381 892 2408 rem
931 2366 990 2407 eis
1029 2365 1224 2420 relinquo
1264 2364 1563 2406 inueniendam
1597 2365 1669 2419 qui
1708 2365 1845 2420 magis

326 2441 371 2482 in
409 2439 491 2482 hoc
531 2452 684 2494 genere
725 2438 958 2492 scripturae
997 2436 1159 2479 uersati
1197 2437 1295 2477 sunt
1338 2449 1474 2490 neque
1521 2436 1726 2477 recusabo
1767 2450 1846 2491 ego

327 2510 496 2567 quidem
542 2510 577 2551 si
615 2509 708 2565 quis
747 2508 809 2550 IV
835 2508 979 2563 3243
1017 2508 1090 2549 ubi
1135 2521 1212 2562 pro
1256 2520 1371 2549 mars
1407 2507 1511 2548 istuc
1550 2509 1584 2548 te
1616 2512 1659 2547 M
1696 2506 1848 2548 habuit

327 2583 587 2626 mauisstucte
630 2595 715 2623 non
762 2580 886 2622 unius
930 2579 1116 2621 hominis
1161 2580 1203 2620 et
1247 2577 1405 2619 saeculi
1446 2578 1518 2619 sed
1563 2579 1846 2639 complurium

328 2654 550 2698 hominum
596 2655 639 2694 et
682 2651 950 2697 saeculorum
996 2665 1145 2692 manus
1192 2652 1233 2691 et
1276 2649 1382 2691 uitia
1434 2649 1708 2705 agnoscenda
1758 2664 1848 2691 esse

330 2726 530 2768 censebit.
579 2723 631 2765 In
663 2738 746 2779 quo
784 2725 929 2764 tamen
968 2724 1012 2764 et
1049 2721 1153 2763 illud
1187 2723 1382 2776 apertum
1421 2735 1513 2762 esse
1556 2720 1694 2762 iudico
1735 2721 1846 2775 quod

333 2812 462 2851 supra
505 2796 555 2837 de
593 2811 612 2837 s
657 2798 699 2836 et
743 2809 770 2835 u
813 2794 981 2835 litterae
1026 2792 1364 2835 commutatione
1409 2792 1700 2833 demonstrarii
1745 2795 1787 2833 et
1830 2808 1851 2834 r

333 2868 520 2909 litteram
559 2865 653 2907 ideo
699 2865 903 2907 excidisse
948 2863 1205 2905 iudicabitur
1249 2863 1362 2918 quod
1395 2878 1422 2904 a
1454 2862 1722 2904 antecedenti
1768 2864 1849 2905 fuit
