2003 3116
513 133 657 164 LIBER
681 133 709 166 Ι.
760 133 858 165 οΑΡ.
890 135 1037 166 16—17.
1089 135 1108 173 g
1134 135 1284 166 25-27.
1571 131 1654 173 207

254 240 372 296 Ergo
400 240 482 282 hac
507 239 672 282 ratione
697 239 1000 282 iudicationem
1028 241 1214 296 reperire
1244 241 1461 282 conuenit:
1487 244 1657 296 reperta

135 311 399 353 iudicatione
451 325 618 353 omnem
670 310 882 353 rationem
932 311 1066 353 totius
1116 312 1325 354 orationis
1371 327 1420 354 eo
1472 313 1657 355 conferri

134 382 364 437 oportebit.

255 454 305 495 In
338 454 536 495 omnibus
568 453 949 495 constitutionibus
988 456 1031 495 et
1066 454 1262 508 partibus
1301 456 1654 497 constitutionum

97 534 113 559 5
134 525 215 566 hac
247 525 318 566 uia
349 524 630 566 iudicationes
663 524 939 580 reperientur,
971 526 1268 580 praeterquam
1301 526 1344 566 in
1379 527 1655 569 coniecturali

132 595 461 637 constitutione:
493 596 535 637 in
569 611 618 637 ea
643 609 720 636 nec
745 595 856 637 ratio
885 611 970 650 qua
996 610 1040 636 re
1065 595 1216 637 fecerit
1242 597 1473 651 quaeritur,
1506 598 1658 639 fecisse

133 665 246 707 enim
286 669 491 721 negatur:
534 681 611 708 nec
649 666 969 707 firmamentum
1009 666 1288 720 exquez'ritur,
1327 668 1527 721 quoniam
1571 683 1653 710 non

133 737 283 778 subest
326 738 450 780 ratio.
519 736 657 786 Quare
697 751 745 777 ex
791 737 1034 778 intentione
1074 739 1118 778 et
1155 737 1413 779 infitiatione
1451 738 1656 780 iudicatio

131 808 420 863 constituitur,
450 808 578 863 (hoc)
611 807 756 849 modo:

82 915 114 938 10
534 902 744 944 Intentio:
776 902 1005 945 ‘Occidisti
1037 904 1241 945 Aiacem?

108 971 125 991 ⁸
533 974 760 1016 Infitiatio:
794 973 915 1015 ‘Non
947 974 1111 1016 occidi?

534 1045 766 1087 Iudicatio:
799 1044 1142 1087 ‘Occideritne?'

250 1139 376 1182 Ratio
411 1141 549 1182 omnis
582 1140 804 1194 utriusque
838 1140 1062 1195 orationis,
1093 1145 1141 1181 ut
1173 1145 1272 1182 ante
1300 1142 1460 1185 dictum
1494 1148 1570 1196 est,
1603 1145 1654 1186 ad

131 1211 243 1254 hanc
286 1212 592 1253 iudicationem
643 1211 901 1253 conferenda
951 1216 1025 1253 est.
1106 1212 1150 1253 Si
1199 1214 1344 1268 plures
1396 1217 1520 1256 erunt
1561 1229 1658 1256 con-

80 1294 112 1319 15
133 1282 382 1324 stitutiones
422 1285 498 1324 aut
546 1285 691 1337 partes
737 1282 1118 1339 constitutionum,
1162 1284 1442 1327 iudicationes
1487 1301 1655 1342 quoque

129 1353 273 1408 plures
324 1357 449 1395 erunt
492 1355 535 1395 in
581 1369 666 1396 una
710 1368 857 1408 causa,
905 1358 969 1395 set
1012 1369 1160 1397 omnes
1207 1356 1338 1397 simili
1383 1357 1548 1398 ratione
1593 1373 1655 1398 re-

82 1435 85 1438 “
129 1425 361 1479 perientur.

249 1566 404 1610 Sedulo
438 1568 630 1610 dedimus
664 1583 858 1625 operam,
890 1572 938 1610 ut
970 1569 1159 1611 breuiter
1191 1572 1233 1611 et
1265 1570 1465 1625 dilucide,
1499 1570 1654 1626 quibus

130 1638 181 1680 de
220 1639 347 1680 rebus
387 1639 524 1680 adhuc
564 1639 788 1681 dicendum
827 1641 925 1695 fuit,
968 1640 1214 1683 diceremus.
1284 1640 1409 1684 Nunc
1449 1642 1654 1696 quoniam

77 1728 111 1752 20
131 1709 235 1751 satis
275 1710 401 1752 huius
434 1710 665 1752 uoluminis
712 1712 963 1767 magnitudo
1010 1713 1164 1766 creuit,
1202 1713 1466 1755 commodius
1507 1717 1572 1755 est
1610 1713 1654 1756 iu

131 1781 264 1823 altero
285 1782 396 1823 libro
417 1783 467 1823 de
488 1783 640 1824 ceteris
661 1784 789 1824 rebus
817 1784 1016 1839 deinceps
1038 1799 1262 1838 exponere,
1288 1799 1340 1826 ne
1370 1800 1453 1839 qua
1479 1787 1657 1839 propter

130 1853 450 1894 multitudinem
482 1854 721 1896 litterarum
758 1856 896 1909 possit
926 1857 1115 1923 animum
1149 1859 1268 1897 tuum
1304 1856 1558 1911 defatigatio
1592 1871 1652 1897 re—

129 1924 313 1965 tardare.
376 1922 418 1966 Si
471 1940 554 1979 qua
598 1926 762 1966 tardius
813 1926 930 1981 haec,
981 1942 1108 1981 quam
1155 1927 1313 1982 studes,
1365 1928 1657 1980 absolueutur,

130 2009 225 2036 cum
258 2010 400 2037 rerum
438 1996 724 2050 magnitudini
763 1999 855 2038 tum
897 1998 1055 2039 nostris
1095 2013 1263 2052 quoque
1302 1998 1655 2052 occupationibus

77 2084 111 2109 25
134 2066 361 2122 adsignare
393 2067 578 2108 debebis.
641 2067 947 2109 Verumtamen
989 2069 1301 2110 maturabimus
1341 2072 1400 2124 et,
1439 2069 1550 2124 quod
1584 2083 1654 2109 ne-

249 2243 269 2277 1
297 2243 485 2288 repperire
518 2243 590 2277 PB
630 2241 784 2288 reperiri
820 2244 839 2277 b
951 2245 974 2279 5
1013 2244 1250 2280 iudicationis
1289 2245 1326 2279 P
1442 2246 1654 2290 repperien—

129 2297 189 2330 tur
215 2297 298 2331 ΗΡ
333 2297 593 2342 repperiuntur
625 2297 676 2331 Βι
711 2299 749 2342 (11
780 2299 821 2332 in
856 2309 875 2333 e
906 2301 1064 2343 mutata)
1102 2299 1336 2343 reperiuntur
1369 2299 1387 2332 b
1509 2301 1657 2343 praeter

130 2361 238 2394 quam
268 2350 356 2385 Pol
452 2351 475 2385 6
503 2349 807 2385 constitutionem
833 2351 993 2386 H¹P¹B
1097 2352 1193 2386 Nam
1225 2352 1263 2386 iu
1290 2363 1334 2386 ea
1361 2352 1401 2387 bl
1500 2353 1517 2386 7
1547 2363 1655 2396 nege-

130 2407 190 2437 tur
216 2405 235 2438 b
310 2404 523 2449 exqueritur
549 2404 594 2439 H
628 2405 835 2448 exquiritur
861 2406 994 2450 reliqui
1067 2405 1090 2439 S
1112 2416 1224 2449 quare
1246 2405 1352 2440 ΠΟΕ
1380 2417 1454 2450 qua
1474 2417 1512 2440 se
1533 2406 1576 2440 H
1580 2406 1655 2439 PB

130 2455 380 2490 infirmatione
401 2458 420 2491 b
507 2457 531 2490 9
557 2458 794 2492 constituitur
813 2458 884 2493 1100
904 2459 1013 2493 modo
1033 2458 1102 2493 EG
1137 2458 1376 2494 constituitur
1402 2458 1512 2492 modo
1533 2459 1657 2493 PHB

131 2509 240 2543 modo
269 2510 505 2543 constituitur
530 2510 640 2544 modo
668 2511 712 2547 H
807 2512 852 2546 11
880 2511 1082 2545 infirmatio
1110 2513 1129 2546 b
1228 2511 1275 2546 12
1297 2511 1475 2546 occiderit
1494 2524 1539 2546 ne
1559 2513 1657 2547 PBZ

131 2563 181 2598 14
206 2563 355 2608 pluraes
376 2564 396 2598 b
465 2563 514 2598 16
541 2564 614 2609 set]
641 2564 704 2599 sed
730 2570 758 2600 E
797 2565 870 2599 Sed
897 2567 934 2598 et
959 2569 993 2598 M
1060 2564 1318 2609 repperientur
1344 2565 1474 2599 HPB
1524 2565 1573 2599 19
1601 2566 1656 2600 di-

131 2617 286 2652 cendum
314 2617 435 2652 adhuc
456 2617 476 2651 b
550 2617 600 2652 20
619 2618 840 2663 magnitudo
867 2618 976 2652 huius
1001 2617 1203 2652 uoluminis
1224 2619 1243 2652 b
1324 2618 1370 2652 21
1392 2628 1515 2662 nequa
1530 2618 1656 2653 HPB

130 2669 179 2705 22
205 2669 398 2705 literarum
425 2671 444 2705 b
471 2681 527 2705 om
552 2671 577 2705 d
691 2674 796 2706 tuum
822 2671 1045 2716 defatigatio
1072 2670 1237 2705 animum
1264 2671 1283 2705 b
1399 2670 1449 2705 23
1476 2670 1590 2715 Siqua
1615 2672 1660 2706 H

132 2723 170 2758 Si
196 2735 269 2767 quo
295 2723 446 2758 ΡΠΟῐ1
496 2723 608 2767 Siquo
640 2724 676 2758 B
722 2724 794 2759 Sed
821 2736 894 2768 quo
928 2723 955 2758 Ζ2
997 2723 1063 2758 sed
1097 2724 1127 2758 si
1154 2735 1226 2767 quo
1260 2725 1279 2758 b
1325 2723 1397 2758 Sed
1430 2724 1605 2768 quoniam
1632 2726 1657 2760 d

129 2776 201 2812 hac
227 2777 311 2812 ΗΒ
347 2777 419 2811 hae
445 2777 482 2812 P
622 2788 733 2821 quam
765 2779 853 2823 (qua
886 2777 953 2821 13¹)
985 2777 1113 2811 studes
1147 2778 1301 2812 PI'IBE
1352 2788 1446 2821 quac
1474 2779 1601 2813 studes
1629 2779 1659 2813 Ο

131 2831 346 2874 quantotius
372 2831 418 2866 H
519 2830 568 2865 24
593 2830 693 2876 cum]
721 2833 798 2865 tum
825 2832 849 2866 d
945 2830 1042 2876 tum]
1069 2830 1155 2864 dum
1181 2830 1222 2866 H
1330 2831 1378 2865 25
1410 2830 1603 2875 assignare
1627 2835 1655 2865 E

130 2884 401 2919 maturauimus
427 2884 470 2918 H

1673 424 1724 464 17
