2003 3116
667 170 1033 206 PROLEGOMENA.
1212 156 1215 158 ’
1556 166 1610 208 27

97 279 140 323 II
169 279 234 334 14,
255 281 307 322 21
344 277 424 337 (H)
468 279 531 322 IV
559 281 596 335 1,
619 281 639 322 1
686 279 728 321 Π
754 280 823 335 21,
849 279 903 322 33
941 279 962 320 Ι
996 280 1033 331 6,
1063 279 1133 334 10,
1179 278 1250 320 ubi
1288 292 1367 333 pro
1408 279 1619 330 praeterea

96 351 365 406 expectatione
403 351 612 393 scribatur
651 353 821 406 oportet
858 350 983 393 sicuti
1021 350 1219 392 similiter
1250 349 1334 390 iam
1369 347 1618 391 Schuetzius

100 422 323 478 proposuit
359 423 790 477 praeterexpectcttione
822 423 846 464 i.
881 437 914 466 e.
951 422 1069 478 παρὰ
1105 421 1387 478 προσδοκίαν.
1455 418 1619 462 Deinde

98 508 226 549 quam
271 494 396 537 facile
441 494 630 537 accidere
674 494 862 549 potuerit
905 496 953 535 ut
995 493 1195 535 librarius
1239 497 1292 548 pi
1339 494 1380 533 et
1417 496 1485 533 mi
1523 491 1550 535 i.
1583 505 1616 532 e.

96 569 226 608 mater
264 564 356 621 (GL
396 565 459 608 IV
489 581 528 620 p.
550 566 654 619 310,
676 563 752 621 33)
791 564 1030 607 confuderit
1070 564 1344 607 manifestum
1383 565 1465 605 est:
1506 562 1619 618 quod

100 637 258 679 factum
304 638 368 678 est
412 635 454 677 ΙΙ
487 636 560 690 22,
588 636 644 678 34
687 636 761 677 ubi
804 650 882 689 pro
920 635 1108 677 materies
1145 649 1191 677 ea
1220 636 1341 689 parit
1377 635 1419 676 in
1456 640 1501 676 Μ
1538 633 1623 675 fuit

89 708 527 763 praeterisseaparttet·.
575 706 658 749 Pro
684 710 776 749 aut:
807 714 834 748 ᾶ
860 707 1065 761 scriptum
1102 705 1233 748 fuisse
1267 720 1396 761 supra
1427 705 1623 758 uidimus,

100 772 170 820 sed
203 778 459 833 archetypus
487 792 581 820 cum
614 778 811 820 habuerit
843 778 1037 832 &bissenum
1063 775 1146 834 (IV
1167 777 1234 829 53,
1256 778 1308 819 67
1326 776 1386 819 H:
1413 777 1621 831 abtyzcztm,

96 849 175 905 Ι6,
199 850 253 893 10
273 849 331 891 Η;
364 847 514 905 abiem)
547 849 731 904 abulans,
762 850 885 905 abitu,
916 849 1065 903 &platon
1096 863 1172 904 pro
1205 848 1444 903 ambiyumn
1465 862 1497 890 e.
1519 862 1555 902 q.
1578 863 1624 889 s.:

96 929 183 964 ‘etiae
220 923 322 964 uicit
353 922 587 976 perfh·zyens
626 922 740 976 layna
776 922 956 964 setentiz‘s
988 924 1097 975 potes
1134 921 1244 975 laqus
1275 920 1514 973 chrespvtem
1544 934 1622 974 pro

102 994 215 1036 uince
240 1007 272 1036 e.
294 1007 331 1048 q.
354 1007 402 1048 s.,
442 992 588 1034 eadem
627 995 732 1035 nota
769 995 941 1048 poterat
980 993 1221 1047 significare
1260 1006 1316 1033 cm
1353 991 1623 1046 particulam.

99 1064 238 1115 Quare
276 1079 354 1106 nos
392 1063 458 1105 ΠΙ
495 1065 570 1120 12,
592 1065 649 1107 22
690 1079 783 1106 cum
821 1071 867 1107 M
904 1064 1101 1106 habuerit
1142 1078 1198 1106 cm
1242 1064 1460 1106 exsuscitat
1501 1063 1623 1105 resti-

98 1138 266 1178 tuemus
303 1138 378 1178 azot
413 1137 651 1178 exsuscitat:
690 1136 732 1177 ΙΙ
764 1137 809 1190 4,
832 1137 854 1178 7
894 1150 972 1191 pro
1011 1149 1066 1177 an
1105 1136 1387 1189 confidendum
1418 1133 1625 1177 thabet

97 1210 171 1249 acet
196 1207 478 1261 confidendum
511 1209 552 1248 et
585 1207 645 1249 sic
678 1206 852 1262 passim.
903 1206 991 1248 Nec
1025 1206 1211 1248 minores
1246 1207 1396 1249 turbas
1431 1206 1548 1248 dedit
1574 1221 1625 1249 ατ

98 1281 141 1320 et
168 1293 212 1321 ccc
237 1279 546 1321 uocabulorum
574 1293 668 1321 cum
690 1293 746 1321 an
766 1282 839 1321 aut
864 1278 1077 1321 confusio:
1104 1282 1149 1320 αὑ
1171 1279 1430 1321 uocabulum
1453 1279 1624 1321 omnino

99 1351 144 1392 in
175 1350 216 1392 H
254 1365 350 1392 raro
390 1350 595 1393 traditum
636 1353 702 1393 est
741 1351 967 1406 integrum.
1018 1349 1152 1404 1114,
1175 1350 1200 1391 8
1239 1365 1316 1404 pro
1354 1354 1397 1394 at
1433 1351 1470 1394 st
1502 1350 1547 1392 in
1579 1357 1624 1394 M

100 1428 191 1464 erat
222 1425 297 1464 aut
324 1423 380 1477 st,
417 1421 480 1464 IV
506 1423 574 1476 44,
596 1422 649 1464 57
689 1436 766 1477 pro
805 1425 850 1464 at
891 1435 995 1464 mm:
1041 1435 1097 1463 cm
1140 1436 1232 1464 nou.
1295 1421 1361 1464 Ex
1407 1422 1467 1464 eis
1514 1436 1623 1477 quae

100 1493 224 1535 modo
275 1493 324 1535 de
375 1508 431 1536 an
480 1494 678 1536 uocabuli
729 1493 942 1548 scriptura
989 1493 1170 1535 disserui
1215 1493 1338 1535 facile
1388 1494 1625 1548 explicatur

98 1579 228 1620 quare
260 1564 304 1607 II
330 1564 405 1620 25,
425 1565 480 1607 39
520 1580 597 1620 pro
636 1566 875 1619 clerespttem
906 1573 951 1608 M
983 1566 1176 1620 posuerit
1215 1566 1472 1620 thesprotum.
1534 1564 1625 1607 Nec

98 1635 282 1678 minores
322 1635 597 1679 difficultates
642 1637 818 1679 librario
864 1637 1153 1692 praebuerunt
1197 1637 1406 1679 uocabula
1452 1650 1533 1679 uon
1584 1639 1625 1677 et

97 1721 198 1750 ηειηι
229 1707 376 1749 littera
407 1713 432 1750 ἢ
466 1709 716 1764 significata.
767 1707 880 1751 Nam
920 1708 962 1750 Π
996 1710 1040 1763 2,
1068 1710 1093 1750 3
1126 1709 1171 1750 111
1207 1715 1253 1751 M
1291 1708 1373 1750 fuit
1410 1723 1488 1764 pro
1521 1722 1623 1750 mim

97 1779 218 1833 quod:
251 1783 278 1822 φῖ
300 1780 417 1834 quod,
442 1780 480 1834 4,
502 1780 526 1821 6
553 1794 630 1834 pro
654 1784 683 1822 ᾗ
710 1793 833 1834 acque
855 1780 878 1821 i.
900 1794 932 1821 e.
953 1793 1033 1821 uon
1060 1793 1199 1833 acque:
1232 1793 1368 1835 neque,
1395 1777 1457 1820 lV
1479 1779 1547 1833 34,
1568 1779 1623 1821 46

98 1865 173 1906 pro
203 1854 388 1893 fictorem
420 1850 445 1892 1.
479 1864 510 1891 e.
543 1851 806 1893 nemitorem:
841 1852 1024 1894 nitorem.
1075 1850 1320 1893 Particulae
1352 1853 1488 1893 autem
1520 1853 1624 1892 nota

98 1924 190 1964 erat
220 1930 298 1964 αἴιε
331 1922 441 1964 unde
477 1922 675 1964 similiter
706 1923 906 1965 librarius
940 1923 1031 1965 cod.
1062 1929 1107 1965 M
1139 1922 1202 1964 ΠΙ
1231 1922 1344 1979 8,15
1377 1937 1455 1978 pro
1488 1926 1625 1965 autem

101 2008 162 2036 res
195 1994 368 2048 scripsit
399 2007 531 2049 astares,
563 1997 712 2036 contra
738 1993 779 2035 H
805 1994 825 2035 Ι
849 1996 914 2050 11,
938 1995 988 2037 18
1015 2009 1092 2050 pro
1120 1995 1218 2036 alii:
1251 2002 1319 2038 αἵι.
1363 1994 1495 2037 Nulla
1521 2010 1623 2036 uero

98 2081 164 2108 res
199 2065 351 2107 maiori
383 2065 559 2107 librario
593 2065 830 2107 discrimini
863 2065 956 2121 fuit,
990 2081 1116 2121 quam
1151 2067 1262 2121 quod
1296 2066 1552 2121 pronomina
1580 2070 1622 2107 et

100 2137 302 2179 aduerbia
335 2136 477 2191 qualia
512 2138 614 2179 sunt
644 2138 716 2191 qut
748 2139 839 2191 quis
871 2139 1032 2191 quidem
1065 2138 1222 2179 similia
1253 2138 1397 2180 littera
1430 2143 1455 2193 q
1490 2153 1533 2193 q,
1573 2138 1624 2179 si-

100 2208 273 2250 milibus
305 2208 349 2249 in
383 2207 614 2262 archetypo
648 2208 811 2250 inuenit
844 2211 1030 2250 exarata.
1081 2208 1163 2250 Pro
1202 2209 1294 2263 quis
1330 2209 1433 2250 illud
1463 2213 1490 2263 Q*
1524 2224 1623 2251 non-

100 2294 333 2334 numquam
368 2279 609 2321 etiamnunc
643 2279 687 2320 in
721 2280 984 2336 apographis
1011 2282 1169 2322 exstat:
1204 2279 1354 2323 confiI
1383 2280 1449 2335 15,
1464 2279 1520 2322 25
1543 2278 1622 2337 (H)

98 2350 163 2391 III
198 2352 268 2405 19,
297 2351 353 2393 32
386 2347 485 2407 (H):
536 2366 613 2406 pro
657 2365 761 2404 quac
799 2351 831 2393 Ρ
870 2351 1077 2406 11115013ᾷ1
1119 2350 1300 2406 114,7;
1344 2353 1435 2407 2,3
1462 2351 1521 2393 H:
1557 2356 1625 2406 ᾗς.

99 2421 297 2464 Plurimis
332 2424 475 2464 autem
508 2422 612 2465 locis
646 2437 763 2476 quem
794 2437 919 2477 quam
950 2424 1022 2477 qai
1047 2438 1149 2477 quae
1174 2424 1281 2478 quod
1304 2424 1397 2477 quis
1423 2424 1524 2477 Quid
1546 2437 1624 2477 (cho

97 2507 195 2547 qnos
226 2507 301 2547 que
332 2493 442 2535 inter
475 2509 520 2536 se
552 2494 731 2536 confusa
765 2498 882 2536 sunt:
922 2495 1029 2537 conf.
1055 2494 1117 2536 IV
1145 2495 1213 2550 22,
1234 2495 1299 2536 30.
1335 2494 1403 2550 55,
1425 2494 1491 2536 68.
1526 2495 1564 2549 3,
1586 2496 1623 2535 6.

98 2564 166 2619 38,
186 2565 253 2605 50.
288 2565 326 2617 6,
341 2564 379 2605 9.
414 2565 452 2620 8,
475 2566 529 2607 12
578 2564 621 2606 II
648 2566 715 2620 20,
736 2567 802 2609 32.
836 2567 903 2620 24,
926 2566 993 2608 37.
1035 2567 1103 2621 28,
1124 2565 1180 2607 45
1239 2565 1303 2607 ΠΙ
1331 2567 1370 2620 2,
1390 2566 1429 2607 2.
1470 2566 1536 2620 15,
1557 2567 1624 2607 27.

101 2636 137 2689 7,
162 2636 213 2678 13
247 2638 289 2676 et
320 2634 383 2676 IV
410 2636 476 2690 36,
496 2637 552 2679 48
586 2637 659 2678 ubi
690 2643 736 2678 M
767 2638 919 2679 habuit
957 2637 1125 2691 aliquod
1154 2651 1230 2691 pro
1263 2637 1412 2690 aliquo.
1474 2636 1624 2691 Itaque

99 2706 256 2747 collato
295 2704 357 2747 HI
387 2706 536 2761 14,25
574 2707 647 2748 ubi
688 2723 765 2761 pro
810 2709 950 2750 leniter
991 2708 1034 2749 in
1066 2714 1113 2750 M
1144 2710 1234 2750 erat
1277 2709 1379 2750 lenis
1420 2709 1497 2749 ‘tter
1538 2708 1624 2749 iam

98 2778 394 2833 intellegemus
435 2792 566 2832 quare
600 2777 638 2818 H
671 2778 733 2820 IV
761 2779 828 2833 20,
855 2779 909 2820 28
950 2778 1169 2833 scripserit
1206 2793 1284 2834 pro
1323 2780 1523 2833 nequiter:
1559 2794 1623 2822 ne-

96 2849 196 2901 quid
230 2849 348 2903 inter,
393 2848 467 2903 26,
495 2849 548 2890 36
588 2864 665 2903 pro
705 2850 879 2903 aliquis:
923 2850 1010 2892 alta
1053 2864 1167 2903 quae.
1224 2849 1363 2892 Causa
1407 2853 1449 2892 et
1493 2854 1623 2893 certus

98 2919 308 2961 uocabula
338 2919 450 2961 haud
485 2934 580 2962 raro
616 2920 730 2963 notis
760 2926 783 2964 δ’
818 2921 1115 2963 indicabantur
1151 2918 1244 2978 (GL
1265 2920 1328 2963 IV
1354 2937 1393 2977 p.
1415 2922 1566 2978 289,2,
1587 2922 1621 2964 1.
