2003 3116
667 180 1038 214 PROLEGOMENA.
1591 177 1616 217 9

99 287 317 330 Tredecim
356 287 506 329 deinde
549 291 649 343 post
685 289 889 331 Rufinum
927 303 977 329 ex
1015 286 1232 330 Ciceronis
1272 286 1394 328 libris
1434 285 1486 326 ad
1518 284 1617 327 Her.

98 358 269 401 II——VI
307 360 499 414 exempla
542 360 706 414 profert
745 359 991 401 Priscianus
1035 357 1300 414 Byzantinus
1344 357 1415 412 qui
1459 356 1618 398 librum

97 433 273 485 propter
305 430 465 472 formas
498 431 705 485 quasdam
742 431 928 473 rariores
962 430 1068 472 satis
1102 431 1298 472 accurate
1336 429 1618 483 perlustrasse

97 501 282 543 uidetur:
316 504 358 543 et
382 501 538 544 Rufino
568 503 611 543 et
638 501 855 544 Prisciano
888 501 1088 543 nonnihil
1119 501 1187 542 usi
1220 515 1368 542 sumus
1402 499 1454 542 ad
1486 499 1619 541 uerba
1672 487 1682 494 .

96 572 320 628 scriptoris
353 571 617 614 emendanda
643 587 726 626 qua
753 572 803 613 de
829 586 874 613 re
901 571 1010 614 conf.
1038 572 1064 612 l.
1092 586 1123 613 s.
1151 585 1182 613 s.
1210 573 1251 612 et
1278 585 1385 625 quae
1413 570 1619 612 adnotata

97 646 197 685 sunt
234 643 287 684 ad
324 642 388 684 IV
421 643 459 696 3,
480 642 518 684 5.
556 642 595 696 4,
618 643 654 684 7.
697 643 762 696 17,
782 641 852 684 25.
901 641 1067 696 Operae
1100 656 1201 683 uero
1233 642 1420 696 pretium
1453 644 1518 683 est
1550 641 1618 682 de-

95 715 335 756 monstrare
359 714 446 755 iam
466 713 677 755 Prisciani
704 713 920 767 exemplar
945 727 1029 754 uno
1057 715 1170 754 certe
1197 712 1289 754 loco
1317 712 1465 754 eodem
1492 712 1618 754 modo

97 785 379 840 deprauatum
418 784 551 826 fuisse
593 799 676 840 quo
713 786 862 826 nostra
893 798 1001 838 quae
1039 784 1084 824 in
1121 798 1251 824 manu
1284 783 1455 838 scriptis
1493 784 1618 825 habe-

97 871 189 898 mus
223 856 382 899 omnia}
417 871 517 898 nam
543 855 586 897 II
617 857 682 911 13,
702 856 758 897 20
785 856 870 897 iam
903 855 1025 897 illum
1058 855 1103 896 in
1137 869 1212 896 suo
1245 855 1354 896 libro
1389 854 1515 896 sicuti
1541 869 1618 896 nos

93 928 138 969 in
176 928 337 970 nostris
376 929 624 982 corruptum
662 927 768 968 illud
808 927 965 982 legisse
1010 940 1095 968 rem
1138 926 1208 968 ubi
1242 928 1406 979 pafflmt
1442 926 1620 967 orationi

84 1003 248 1054 pamm&
278 999 472 1041 codicum
503 1012 735 1041 consensus
768 997 841 1040 GL
881 997 924 1038 II
957 1013 996 1053 p.
1018 998 1116 1052 523,
1137 998 1193 1038 24
1232 997 1400 1038 euincit.

210 1070 385 1112 Praeter
429 1085 502 1113 eos
547 1085 654 1125 quos
698 1070 824 1111 modo
869 1069 1042 1111 laudaui
1087 1070 1318 1123 scriptores
1363 1071 1450 1110 tres
1491 1083 1618 1109 nemo

94 1144 288 1183 ueterum
319 1141 579 1183 rhetoricam
614 1141 666 1183 ad
698 1140 799 1183 Her.
832 1156 923 1182 sese
956 1141 1130 1183 nouisse
1162 1142 1347 1182 testatus
1381 1142 1456 1181 est.
1506 1139 1618 1180 Nam

94 1214 165 1268 qui
199 1212 396 1255 Seruium
430 1212 502 1255 GL
541 1212 603 1255 IV
635 1228 674 1268 p.
701 1213 800 1267 435,
824 1214 878 1255 13
911 1212 1175 1254 arbitrantur
1207 1214 1400 1266 spectare
1433 1211 1486 1252 ad
1518 1210 1617 1252 Her.

93 1284 154 1326 IV
184 1285 224 1338 4,
244 1285 267 1326 7
303 1299 375 1327 eos
409 1286 657 1339 comparato
691 1283 891 1327 Charisio
924 1283 944 1324 I
977 1299 1016 1338 p.
1047 1284 1141 1338 141,
1163 1284 1218 1325 32
1252 1283 1376 1324 aliter
1408 1282 1619 1324 iudicatu-

92 1370 162 1398 ros
196 1370 288 1398 esse
320 1370 490 1398 censeo:
521 1355 722 1397 Halmius
754 1370 856 1398 uero
890 1370 986 1397 cum
1020 1355 1073 1396 ad
1105 1354 1464 1396 Fortunatianum
1499 1352 1617 1395 RLM

92 1442 132 1481 p.
159 1426 227 1482 97,
248 1427 302 1468 29
347 1427 488 1468 locum
533 1428 773 1469 rhetoricae
817 1427 868 1468 ad
909 1425 1008 1468 Her.
1049 1426 1275 1468 adnotaret
1320 1425 1481 1467 oblitus
1529 1428 1619 1466 erat

93 1495 179 1540 Cic.
212 1498 262 1539 de
297 1498 382 1540 inu.
414 1497 433 1539 Ι
470 1499 534 1553 13,
558 1499 608 1539 17
656 1498 699 1540 II
731 1499 800 1553 40,
824 1499 918 1540 116.
969 1498 1117 1553 Neque
1157 1498 1201 1539 in
1233 1497 1444 1552 Hispania
1483 1512 1618 1551 neque

91 1568 135 1609 in
162 1567 387 1611 Britannia
419 1569 577 1611 librum
609 1569 732 1611 illum
766 1569 960 1611 extitisse
992 1570 1036 1610 in
1070 1569 1236 1611 scriniis
1270 1569 1495 1611 doctorum
1528 1583 1616 1610 sae-

90 1640 185 1681 culo
220 1639 280 1682 VI
318 1643 361 1682 et
391 1639 476 1682 VII
516 1655 565 1682 eo
604 1641 653 1682 fit
692 1643 886 1695 apertum
926 1641 1038 1695 quod
1077 1655 1215 1697 neque
1253 1640 1445 1682 Isidorus
1483 1653 1618 1695 neque

94 1709 213 1752 Beda
244 1710 320 1753 illo
353 1711 418 1752 usi
457 1714 558 1753 sunt
596 1712 640 1752 in
680 1712 849 1766 scriptis
888 1712 1124 1753 rhetoricis.
1174 1711 1241 1753 Ne
1278 1712 1323 1752 in
1357 1711 1498 1753 Gallia
1531 1711 1619 1766 qui—

90 1781 185 1823 dem
219 1782 388 1825 saeculo
421 1782 528 1824 VIII
568 1782 828 1825 rhetoricam
863 1783 915 1824 ad
946 1782 1047 1824 Her.
1080 1783 1272 1824 extitisse
1311 1783 1408 1824 inde
1441 1783 1618 1838 colligas

93 1853 205 1907 quod
244 1852 452 1896 Alcuinus
497 1854 569 1909 qui
617 1857 810 1897 mortuus
856 1857 922 1896 est
960 1869 1071 1896 anno
1110 1854 1196 1897 804
1238 1854 1282 1896 in
1327 1855 1618 1909 disputatione

92 1938 169 1965 sua
201 1924 252 1965 de
285 1924 500 1967 rhetorica
532 1925 667 1967 libros
700 1925 750 1967 de
783 1926 868 1967 inu.
901 1925 1064 1980 passim
1096 1926 1339 1979 exscripsit:
1373 1926 1482 1968 conf.
1510 1941 1618 1981 quae

90 1994 289 2037 Halmius
329 1996 553 2038 adnotauit
591 1997 643 2038 ad
682 1996 802 2038 RLM
835 2012 874 2051 p.
909 1997 994 2039 525
1017 2011 1132 2052 seqq.
1181 1996 1357 2039 Errauit
1395 1998 1508 2039 enim
1545 1997 1618 2038 ille

91 2066 164 2120 qui
201 2067 410 2109 iudicauit
447 2068 580 2110 uerba
617 2068 691 2109 illa
722 2083 762 2122 p.
790 2068 891 2120 527,
911 2069 965 2110 38
983 2083 1097 2123 seqq.
1137 2071 1310 2123 sumpta
1348 2083 1439 2111 esse
1478 2084 1527 2110 ex
1566 2069 1618 2110 ad

91 2136 193 2178 Her.
219 2137 240 2178 Ι
270 2137 335 2192 15,
356 2138 412 2180 25
440 2139 539 2193 quia
565 2138 766 2180 Halmius
800 2140 945 2181 omisit
977 2139 1182 2181 adnotare
1214 2140 1264 2181 de
1297 2140 1383 2181 inu.
1409 2139 1452 2180 II
1473 2141 1617 2194 2572.

93 2207 216 2256 Quod
249 2208 498 2250 concludere
537 2224 588 2250 ex
628 2210 800 2251 silentio
840 2225 935 2251 cum
975 2224 1111 2264 nuper
1144 2210 1427 2252 dubitauerim
1460 2210 1617 2252 idcirco

91 2279 203 2333 quod
236 2280 480 2334 suspicetur
507 2280 664 2334 aliquis
693 2280 921 2322 Alcuinum
954 2281 1238 2323 mendositate
1272 2284 1314 2322 et
1346 2282 1617 2336 corruptione

93 2351 403 2405 exemplarium
442 2351 694 2393 deterritum
734 2366 826 2393 esse
859 2352 1088 2407 quominus
1128 2355 1320 2395 uteretur
1350 2353 1392 2394 id
1424 2368 1535 2395 nunc
1569 2368 1617 2395 ea

87 2420 138 2461 de
184 2435 311 2463 causa
354 2422 636 2465 confidentius
682 2424 917 2479 pronuntio
967 2424 1079 2479 quod
1125 2439 1174 2466 ex
1220 2425 1341 2479 ipsis
1366 2425 1525 2467 saeculi
1557 2425 1618 2466 IX

90 2492 307 2535 codicibus
346 2494 447 2536 licet
487 2497 677 2537 statuere
717 2510 846 2550 quam
886 2495 1084 2537 sollerter
1123 2498 1166 2536 et
1205 2496 1351 2538 sedulo
1391 2497 1472 2537 uiri
1505 2497 1618 2538 docti

87 2563 182 2604 aeui
213 2562 461 2619 Karolingii
500 2566 622 2608 libris
661 2566 714 2608 ad
755 2565 854 2608 Her.
895 2581 1067 2621 operam
1107 2566 1301 2609 dederint
1340 2569 1616 2623 quantumuis

89 2635 303 2690 corruptis
337 2639 379 2677 et
412 2637 633 2679 mutilatis.

203 2704 269 2747 Eo
309 2706 478 2749 demum
517 2723 599 2763 quo
632 2708 841 2750 Alcuinus
884 2712 1077 2752 mortuus
1118 2713 1189 2752 est
1222 2713 1415 2765 tempore
1459 2713 1500 2753 id
1547 2715 1611 2754 est
1626 2724 1895 2756 Seruatushupus-

87 2776 255 2818 Saeculo
288 2776 350 2817 IX
381 2780 555 2820 ineunte
587 2778 632 2820 in
664 2793 797 2834 regno
831 2779 1092 2822 Francorum
1126 2782 1238 2836 quod
1274 2785 1375 2825 tunc
1407 2798 1481 2838 per
1514 2783 1613 2825 Gal-

87 2847 191 2888 liam
218 2846 493 2891 Germaniam
520 2850 867 2906 Langobardiam
900 2853 984 2893 late
1018 2853 1193 2906 patebat
1224 2868 1356 2895 unum
1389 2854 1610 2896 inuentum

86 2920 152 2959 est
184 2920 404 2975 exemplar
436 2921 674 2965 rhetoricae
709 2923 761 2964 ad
794 2923 892 2964 Her.
928 2924 1125 2965 mutilum
1160 2927 1201 2966 et
1240 2925 1509 2978 lacunosum,
1548 2927 1609 2967 in-
