2003 3116
688 147 1054 181 PROLEGOMENA.
1555 146 1637 187 115

120 253 296 296 Latinus
341 254 559 310 discipulis
603 254 800 310 dictaret,
846 255 898 297 ad
945 256 1123 297 uerbum
1169 254 1379 298 Graecum
1424 258 1639 298 auctorem

117 326 287 367 secutus
320 328 401 367 est:
442 325 552 369 conf.
585 340 692 382 quae
726 325 1026 369 adnotauimus
1059 326 1111 368 ad
1145 326 1207 368 IV
1234 327 1302 379 30,
1328 327 1398 369 41.

238 396 403 439 Auctor
435 397 570 453 igitur
601 398 913 440 rhetoricorum
946 401 1273 453 praeceptorum
1302 413 1409 453 quae
1442 399 1484 440 in
1516 398 1639 440 libris

117 467 169 508 ad
200 466 302 510 Her.
336 467 486 510 Latine
523 469 727 524 leguntur
764 483 911 511 eorum
949 469 992 510 in
1031 484 1208 511 numero
1249 472 1361 525 erat,
1400 470 1472 525 qui
1510 468 1639 511 Grae-

117 553 262 581 corum
302 539 462 594 scripta
499 540 730 594 compilare
763 539 914 581 Latine
952 554 1079 582 uersa
1117 540 1227 581 idem
1267 555 1359 582 esse
1399 541 1641 583 censuerint

120 611 247 665 atque
274 625 386 652 noua
413 611 589 652 omnino
615 625 764 666 parere
793 614 836 653 et
862 611 1051 666 gignere.
1097 610 1203 652 Prae
1231 612 1347 653 cuius
1374 611 1640 666 impudentia

115 682 157 721 et
188 679 336 722 fraude
374 695 498 736 quam
532 680 725 736 religiosi
759 683 802 722 et
834 680 1060 737 diligentes
1100 681 1280 736 putandi
1316 684 1416 723 sunt
1447 682 1640 733 Plautus,

115 751 356 808 Terentius,
396 751 601 794 Afranius
646 753 691 793 in
735 752 928 807 prologis
974 753 1078 794 suis!
1143 751 1312 795 Scilicet
1355 752 1639 807 pulcherrime

116 837 210 865 cum
243 824 318 866 illa
348 823 557 879 prooemii
589 823 689 865 libri
723 822 785 864 IV
818 823 1052 865 insolentia
1086 826 1128 865 et
1161 824 1409 878 arrogantia
1441 826 1641 866 conuenit

115 895 228 950 quod
270 894 382 937 idem
422 895 605 949 scriptor
642 894 662 935 Ι
698 895 739 947 1,
778 895 797 935 1
837 894 1006 936 inanem
1047 896 1340 950 arrogantiam
1380 895 1640 938 Graecorum

114 967 370 1021 scriptorum
404 967 614 1021 increpat,
655 964 843 1008 Graecos
877 980 969 1007 sese
1002 967 1213 1022 corrigere
1248 967 1399 1008 debere
1440 970 1482 1009 et
1513 981 1639 1022 posse

113 1038 324 1094 castigare
363 1037 538 1080 confidit
576 1036 641 1078 ΙΙΙ
674 1037 748 1092 23,
781 1037 836 1079 38
876 1036 938 1078 lV
969 1038 1010 1092 1,
1041 1039 1074 1080 1.
1109 1038 1146 1093 7,
1176 1039 1240 1080 10.
1302 1037 1451 1093 Neque
1493 1041 1640 1079 tamen

114 1109 178 1150 sui
221 1109 306 1151 sibi
349 1109 574 1165 peculatus
613 1110 866 1163 praeceptor
903 1108 975 1150 ille
1015 1109 1194 1151 Latinus
1240 1110 1357 1151 cuius
1398 1109 1638 1151 doctrinam

113 1180 296 1236 scriptor
323 1181 375 1223 ad
396 1180 496 1223 Her.
517 1179 815 1235 transscripsit
841 1194 928 1222 non
955 1181 1151 1223 conscius
1172 1181 1303 1223 fuisse
1324 1181 1540 1236 putandus
1564 1183 1640 1222 est.

232 1251 353 1294 Nihil
381 1252 492 1294 enim
520 1251 659 1307 magis
688 1251 885 1293 mirabile
913 1254 978 1293 est
1004 1254 1047 1293 et
1079 1252 1333 1307 inauditum,
1366 1267 1494 1308 quam
1527 1251 1640 1307 quod

114 1323 158 1364 in
189 1324 284 1365 toto
325 1337 451 1377 opere
484 1322 601 1364 cuius
635 1324 678 1363 et
717 1323 943 1377 praecepta
976 1323 1122 1364 omnia
1154 1324 1196 1364 et
1228 1323 1423 1378 exempla
1453 1323 1640 1378 plurima

114 1408 165 1435 ex
191 1393 367 1437 Graecis
401 1394 682 1448 scriptoribus
711 1395 882 1448 sumpta
909 1395 1019 1448 sunt,
1053 1394 1274 1449 scriptoris
1306 1392 1457 1436 Graeci
1483 1409 1638 1436 nomen

115 1464 287 1520 aliquod
320 1465 530 1519 reperitur
562 1479 785 1520 nusquam.

231 1536 353 1586 Quod
392 1551 445 1578 ne
483 1537 630 1578 credas
669 1551 770 1579 casu
810 1536 972 1579 factum
1006 1552 1116 1592 esse,
1154 1539 1401 1593 comparato
1436 1536 1637 1580 Senecam

113 1608 342 1663 rhetorem,
361 1610 610 1663 comparato
631 1608 765 1650 libros
787 1608 837 1650 de
857 1608 943 1651 inu.
965 1609 1007 1650 in
1029 1609 1182 1664 quibus
1204 1609 1484 1651 nominantur
1498 1609 1638 1650 Tisias

112 1678 251 1722 Corax
295 1678 478 1734 Gorgias
525 1679 721 1722 Socrates
762 1679 976 1722 Isocrates
1018 1680 1277 1722 Aristoteles
1316 1679 1637 1735 Theophrastus

114 1751 347 1793 Aeschines
372 1749 615 1793 Socraticus
642 1750 885 1807 Xenophon
914 1751 1169 1807 Apollonius
1198 1751 1488 1807 Hermagoras
1515 1750 1637 1793 Euri-

111 1822 242 1877 pideS.
311 1821 460 1877 Neque
503 1821 615 1863 enim
658 1822 747 1863 ulla
786 1837 829 1864 re
871 1823 1010 1877 magis
1050 1823 1229 1865 duorum
1270 1837 1446 1877 operum
1487 1825 1639 1864 natura

111 1893 405 1935 diuersissima
430 1893 699 1949 intellegitur
726 1908 861 1948 neque
890 1894 1113 1949 quisquam
1136 1893 1217 1936 hac
1244 1908 1288 1935 re
1318 1893 1493 1949 cognita
1520 1892 1637 1935 Cice-

111 1979 260 2007 ronem
296 1967 338 2007 et
378 1964 629 2020 scriptorem
670 1964 721 2005 ad
754 1964 856 2007 Her.
888 1980 938 2007 ex
977 1966 1123 2007 eodem
1165 1965 1265 2006 ludo
1298 1964 1512 2020 profectos
1547 1979 1637 2005 esse

114 2038 240 2091 atque
286 2037 338 2078 ab
384 2036 530 2078 eodem
576 2038 853 2091 praeceptore
898 2036 1121 2078 institutos
1168 2036 1460 2077 arbitrabitur.
1523 2034 1637 2077 Nam

112 2107 333 2162 scriptoris
367 2107 419 2148 ad
452 2106 552 2149 Her.
587 2110 840 2162 praeceptor
872 2106 1128 2149 rhetoricam
1162 2106 1359 2148 Latinam
1400 2107 1461 2147 ita
1494 2106 1639 2148 docuit

111 2180 160 2219 ut
192 2177 377 2220 Graecos
414 2177 644 2232 scriptores
679 2178 852 2220 omnino
886 2178 1056 2219 eiecerit
1088 2180 1130 2219 et
1162 2180 1383 2233 tamquam
1418 2178 1538 2219 furca
1569 2193 1637 2219 ex-

111 2249 271 2304 pulerit
303 2264 352 2291 ex
385 2264 461 2290 sua
493 2249 680 2291 ciuitate.

232 2321 290 2362 At
322 2319 537 2362 Ciceronis
577 2323 826 2375 praeceptor
864 2336 943 2364 nec
976 2320 1149 2364 Graecis
1188 2321 1344 2363 litteris
1380 2322 1636 2377 dignitatem

111 2407 190 2434 nec
222 2391 398 2434 Graecis
438 2392 718 2447 scriptoribus
759 2407 880 2434 suam
920 2394 1096 2449 negauit
1128 2393 1331 2449 gloriam,
1370 2407 1550 2447 quorum
1585 2407 1637 2433 ne

112 2464 288 2505 nomina
314 2463 484 2518 quidem
516 2463 560 2505 in
590 2464 677 2505 suis
712 2464 979 2506 sermonibus
1014 2465 1151 2506 audiri
1179 2464 1359 2505 Latinus
1392 2464 1464 2504 ille
1489 2463 1637 2505 rhetor

113 2548 264 2588 passus
299 2536 376 2575 est.
432 2533 511 2576 Cui
544 2534 705 2576 scilicet
736 2534 902 2576 homini
937 2534 1250 2577 Demosthenes
1283 2534 1497 2576 Homerus
1530 2533 1635 2575 Her-

114 2618 314 2660 magoras
340 2620 574 2660 numquam
599 2605 798 2646 uidentur
823 2605 998 2647 uixisse:
1027 2608 1223 2648 auctores
1243 2606 1410 2647 laudari
1437 2608 1637 2661 poterant

112 2676 409 2718 tantummodo
443 2674 629 2718 Catones
663 2674 808 2717 Crassi
841 2675 971 2717 Ennii
1004 2674 1138 2718 Caelii
1170 2677 1252 2731 (IV
1279 2676 1319 2732 5,
1346 2675 1403 2732 7).
1448 2676 1636 2731 Egregie

112 2761 214 2789 uero
253 2748 440 2789 concinit
478 2761 572 2789 cum
611 2747 691 2788 hac
730 2746 992 2801 proprietate
1032 2748 1312 2802 scriptorum,
1359 2747 1471 2802 quod
1509 2761 1637 2801 supra

112 2834 151 2872 p.
182 2818 276 2860 104.
312 2818 393 2861 109
433 2818 483 2860 de
516 2817 820 2860 controuersiis
853 2818 1073 2873 utriusque
1107 2818 1347 2873 docuimus,
1385 2833 1490 2873 quas
1524 2818 1636 2872 apud

113 2889 233 2931 illum
267 2904 357 2931 esse
390 2903 516 2943 saepe
550 2888 735 2931 Graecas
774 2891 817 2930 et
855 2903 904 2930 ex
937 2888 1197 2931 Graecorum
1236 2889 1327 2931 uita
1367 2892 1410 2931 et
1446 2889 1635 2932 moribus

1306 2958 1354 2993 8³3:
