2003 3116
367 135 387 174 l
399 134 450 174 16
941 134 1308 167 PROLEGOMENA.

364 244 511 284 ductas
546 241 742 293 uidimus,
782 239 893 293 apud
932 239 1045 279 hunc
1077 239 1148 293 qui
1182 240 1533 294 germanissimus
1565 243 1656 281 erat
1689 240 1881 293 Latinus,

362 313 424 353 ita
454 311 728 352 inueniuntur
760 311 951 350 mutatae
983 311 1031 350 ut
1056 323 1185 363 quam
1217 310 1408 365 proxime
1441 310 1493 351 ad
1524 310 1673 365 populi
1698 310 1881 352 Romani

362 382 562 423 instituta
582 396 720 422 mores
740 381 857 436 leges
878 380 1092 422 accedant.
1139 380 1279 429 Quare
1298 396 1385 423 non
1409 384 1522 422 recte
1547 395 1683 436 neque
1710 395 1760 422 ex
1778 381 1878 422 libri

360 455 514 494 natura
540 466 675 506 neque
702 466 752 492 ex
779 451 898 493 codd.
926 451 1181 492 auctoritate
1208 452 1390 493 editores
1422 451 1615 493 fecerunt
1646 452 1717 506 qui
1749 451 1879 492 uerba

360 523 524 565 Graeca
553 538 660 578 quae
698 523 743 564 in
784 522 904 564 libris
950 523 1002 564 ad
1041 522 1141 564 Her.
1179 523 1474 578 inueniuntur,
1508 523 1666 565 litteris
1705 521 1878 563 Graecis

361 594 588 636 scribenda
608 608 699 635 esse
720 594 940 635 duxerunt.
978 593 1091 634 Nam
1110 593 1131 634 I
1150 594 1190 646 4,
1207 594 1232 635 6
1253 609 1401 635 omnes
1423 594 1540 636 codd.
1560 594 1721 635 habent
1738 594 1878 646 epodos

360 668 402 707 et
430 665 708 720 prohemium,
751 664 795 705 II
828 666 874 720 2,
899 666 925 706 2
965 665 1010 706 in
1047 665 1256 706 uocabulo
1295 665 1585 719 epicheremata
1621 665 1665 706 in
1704 665 1877 720 optimis

358 737 478 778 nulla
511 736 744 791 scripturae
772 736 959 777 Graecae
991 735 1179 790 uestigia
1211 739 1322 790 sunt,
1355 736 1479 777 sicuti
1512 750 1563 776 ne
1589 736 1633 776 in
1657 736 1878 777 nemonieis

359 808 530 862 quidem
556 807 621 849 HI
651 808 717 862 17,
737 808 805 849 30.
831 807 901 861 24,
920 807 995 848 40:
1028 806 1179 861 optimi
1205 807 1320 848 codd.
1342 807 1361 848 Ι
1392 807 1457 861 16,
1476 807 1532 848 26
1559 807 1721 847 113116111
1745 806 1877 848 6νὶηο-

356 893 501 921 menon
526 879 600 920 ubi
626 878 739 932 quod
772 878 797 919 d
823 878 956 919 habet
980 878 1247 932 Lpinomenon
1274 877 1315 919 id
1341 880 1491 918 natum
1517 892 1609 919 esse
1636 892 1686 919 ex
1711 878 1877 919 librarii

358 950 578 992 cuiusdam
602 949 743 991 studio
772 951 949 1004 apparet
976 950 1048 1004 qui
1079 964 1170 991 sese
1198 949 1263 990 uel
1292 949 1451 991 Graece
1485 950 1593 991 scire
1627 949 1775 991 abbati
1801 963 1877 990 suo

358 1023 450 1063 erat
470 1021 842 1063 demonstraturus
864 1020 990 1062 sicuti
1010 1020 1029 1061 I
1050 1021 1089 1069 4,
1110 1021 1135 1061 6
1162 1020 1204 1061 in
1225 1020 1446 1062 nonnullis
1474 1020 1597 1062 libris
1618 1021 1728 1062 male
1749 1020 1879 1062 inter-

356 1093 514 1147 polatis
547 1107 625 1147 pro
664 1092 822 1146 epodos
862 1092 904 1133 id
944 1094 1009 1133 est
1046 1092 1209 1145 ἔφοδος
1242 1107 1266 1133 3
1303 1106 1503 1146 peruerse
1537 1092 1662 1134 docto
1696 1092 1880 1147 quodam

356 1163 566 1206 monacho
606 1163 798 1217 positum
837 1163 1055 1204 inuenitur
1092 1163 1271 1212 επωὸος.
1322 1161 1462 1216 1130,
1487 1163 1541 1204 47
1582 1177 1729 1204 omnes
1761 1163 1881 1205 codd.

356 1237 525 1288 praeter
543 1234 582 1276 H
603 1235 759 1287 epiloyi,
782 1234 852 1275 ille
873 1237 1052 1288 επιλογη
1074 1249 1149 1289 pro
1171 1235 1317 1288 epiloyi
1344 1233 1473 1274 habet
1493 1236 1642 1275 natum
1663 1248 1713 1275 ex
1734 1234 1880 1290 glossa

357 1306 581 1361 Byzantini
609 1305 785 1346 alicuius
813 1305 1247 1361 siueLangobardici
1272 1305 1450 1359 librarii,
1479 1305 1552 1359 qui
1579 1319 1628 1346 ex
1655 1305 1878 1347 dominatu

356 1377 695 1431 Byzantinorum
728 1375 902 1418 Graecis
940 1376 1096 1418 litteris
1135 1376 1325 1418 imbutus
1358 1378 1460 1418 erat.
1522 1376 1635 1418 Nam
1667 1393 1694 1430 η
1726 1392 1803 1431 pro
1836 1392 1878 1418 οι

356 1448 545 1502 1103111111]
580 1462 697 1489 serae
731 1448 885 1489 aetatis
919 1450 1000 1489 est:
1040 1448 1153 1489 idem
1186 1450 1330 1489 autem
1365 1447 1493 1489 homo
1527 1447 1682 1488 aetatis
1715 1447 1878 1502 Byzan-

354 1519 472 1560 tinae
504 1518 565 1560 IV
593 1519 668 1573 31,
694 1520 750 1560 42
783 1518 886 1560 illud
920 1533 1238 1574 ονοματοποεια
1271 1519 1521 1573 apposuisse
1553 1519 1767 1573 putandus
1801 1522 1877 1562 est.

355 1591 494 1640 Quare
532 1606 610 1632 1103
650 1589 835 1632 Graecas
880 1591 1047 1632 litteras
1088 1605 1137 1632 ex
1183 1605 1231 1632 eo
1277 1604 1403 1645 opere
1442 1589 1714 1646 sustulimus,
1759 1591 1876 1632 cuius

355 1665 503 1704 auctor
543 1677 594 1703 ne
634 1662 788 1703 Graeci
833 1662 1057 1716 scriptoris
1102 1661 1272 1717 quidem
1316 1675 1473 1703 nomen
1518 1676 1696 1715 usquam
1741 1662 1879 1704 uoluit

354 1734 551 1775 inueniri.
612 1731 694 1774 Sed
726 1733 771 1773 111
804 1733 870 1774 1113
903 1748 1070 1788 quoque
1104 1748 1212 1788 quos
1244 1733 1371 1775 modo
1404 1732 1529 1787 posui
1560 1732 1666 1774 locis
1700 1736 1877 1788 apparet

354 1820 482 1860 quam
515 1805 673 1846 diuersi
707 1804 794 1845 31111
820 1802 1036 1846 Ciceronis
1069 1805 1169 1845 libri
1201 1805 1251 1845 de
1284 1804 1368 1846 inu.
1397 1819 1421 1845 a
1453 1804 1668 1845 rhetorica
1697 1805 1749 1846 ad
1774 1803 1875 1845 Her.

353 1875 501 1929 Neque
529 1876 642 1917 enim
668 1876 713 1917 in
739 1876 860 1917 libris
888 1875 938 1917 de
970 1876 1057 1916 inu.
1084 1891 1265 1930 usquam
1296 1875 1403 1917 talia
1434 1875 1713 1917 inueniuntur
1743 1875 1875 1916 uerba

353 1946 515 1989 Graeca
541 1947 685 2002 qualia
712 1947 785 1988 illa
811 1949 911 1989 sunt
936 1947 1204 2002 epicherema
1228 1946 1497 2001 prohemium
1525 1947 1682 2002 epodos
1712 1947 1872 2003 epilogi

353 2018 633 2060 crinomenon
667 2019 739 2060 sed
765 2019 921 2073 ubique
954 2019 1058 2060 artis
1091 2019 1300 2060 uocabula
1331 2018 1629 2060 tantummodo
1655 2021 1874 2072 ponuntur

353 2088 519 2131 Latina.
570 2089 764 2145 Denique
796 2090 877 2132 1106
910 2091 1099 2132 animum
1133 2090 1440 2132 aduertendum
1472 2104 1611 2145 neque
1643 2089 1692 2131 de
1726 2090 1874 2146 lingua

352 2175 486 2215 neque
525 2161 574 2202 de
617 2162 773 2203 litteris
813 2160 988 2203 Graecis
1032 2177 1170 2217 neque
1209 2162 1259 2203 de
1305 2161 1679 2203 exercitationibus
1726 2161 1874 2216 lingua

352 2231 517 2273 Graeca
549 2232 753 2274 faciendis
786 2247 891 2286 quas
920 2232 1065 2275 Cicero
1099 2233 1211 2288 apud
1238 2231 1353 2274 Suet.
1380 2232 1429 2273 de
1462 2232 1571 2273 rhet.
1599 2233 1625 2273 2
1658 2231 1779 2274 Brut.
1804 2232 1873 2285 90,

351 2302 438 2343 310
463 2302 509 2343 in
536 2303 697 2344 caelum
725 2303 808 2344 fert
832 2303 966 2345 ullam
992 2304 1034 2344 in
1061 2304 1182 2345 libris
1209 2304 1261 2345 ad
1288 2303 1388 2345 Her.
1415 2305 1581 2345 exstare
1608 2303 1872 2345 memoriam.

469 2373 562 2415 Iam
601 2374 814 2429 agendum
854 2374 934 2415 erit
973 2375 1022 2416 de
1061 2375 1267 2429 exemplis
1307 2374 1492 2429 Latinis,
1528 2374 1573 2415 in
1612 2374 1766 2428 quibus
1805 2374 1874 2415 ad—

350 2444 533 2485 ferendis
570 2445 663 2499 pari
702 2446 867 2486 ratione
904 2460 991 2487 non
1029 2446 1171 2500 potuit
1211 2446 1275 2486 uti
1314 2448 1441 2500 atque
1486 2446 1531 2486 in
1570 2445 1744 2487 Graecis
1789 2446 1872 2486 nisi

351 2515 570 2569 discipulis
615 2516 750 2557 uideri
795 2517 933 2558 uoluit
977 2518 1155 2558 cerritus
1200 2519 1242 2557 61
1285 2516 1482 2558 furiosus.
1545 2515 1692 2572 Neque
1735 2517 1872 2558 adhuc

351 2586 635 2628 demonstrari
660 2587 802 2642 potuit
827 2588 1045 2629 hominem
1071 2590 1285 2629 oratorem
1307 2588 1491 2642 aliquem
1520 2590 1593 2629 3111
1618 2588 1868 2642 scriptorem

351 2656 403 2697 ad
435 2657 613 2698 uerbum
647 2659 923 2713 expressisse,
963 2674 1222 2714 quamquam
1262 2660 1477 2713 permulta
1513 2661 1683 2700 exstant
1714 2658 1870 2700 indicia

350 2742 446 2768 eum
486 2728 701 2770 artissime
744 2732 937 2771 ueterum
976 2733 1193 2772 oratorum
1235 2730 1424 2784 uestigia
1463 2744 1555 2772 esse
1595 2731 1787 2771 secutum
1825 2730 1869 2770 in

350 2799 553 2852 exemplis
581 2800 679 2841 suis.
729 2799 874 2842 Unum
897 2803 1066 2843 tantum
1087 2802 1327 2855 exemplum
1349 2801 1430 2843 hoc
1454 2800 1681 2855 proferam.
1713 2799 1786 2854 IV,
1817 2801 1868 2841 13

354 2869 404 2908 19
438 2870 706 2923 repetitionis
739 2872 979 2925 exemplum
1013 2873 1238 2926 proposuit
1269 2872 1365 2913 hoc:
1417 2872 1495 2912 ‘Tu
1527 2872 1570 2912 in
1604 2872 1741 2913 forum
1774 2887 1868 2925 pro-
