2003 3116
244 1499 285 1528 15

307 140 388 179 19⁴5
833 139 896 169 AD
925 140 961 171 C.
988 139 1274 171 HERENNIFM

422 246 526 287 Rem
567 245 797 285 breuiter
834 259 1007 286 narrare
1056 245 1305 299 poterimus,
1350 246 1386 286 si
1428 246 1523 287 inde
1567 247 1816 302 incipiemus

302 331 495 369 narrare,
527 316 636 356 unde
668 330 839 357 necesse
873 315 975 370 erit,
1007 320 1050 356 et
1082 317 1118 357 si
1149 331 1234 357 non
1270 317 1322 357 ab
1355 316 1507 358 ultimo
1539 317 1663 359 initio
1702 333 1817 374 repe-

300 391 388 428 tere
420 387 625 437 nolemus,
659 390 700 427 et
732 387 769 427 si
802 387 1064 440 summatim,
1097 402 1183 429 non
1211 387 1503 441 particulatim
1534 389 1817 444 narrabimus,

301 462 344 499 et
376 458 412 499 si
444 472 529 499 non
563 458 614 498 ad
648 460 896 512 extremum,
930 458 1002 499 sed
1035 472 1170 512 usque
1204 473 1266 512 eo,
1301 473 1384 513 quo
1420 473 1526 514 opus
1559 460 1649 513 erit,
1680 473 1818 513 perse-

300 544 488 584 quemur,
525 530 567 569 et
600 529 635 569 si
666 529 996 570 transitionibus
1029 529 1161 570 nullis
1191 533 1374 583 utemur,
1405 532 1449 570 et
1479 530 1515 571 si
1540 545 1627 572 non
1653 529 1818 572 deerra-
1856 544 1872 568 5

300 600 439 641 bimus
473 601 526 641 ab
559 614 628 655 eo,
661 600 772 655 quod
806 600 1072 655 coeperimus
1105 615 1334 656 exponere,
1367 603 1410 642 et
1441 601 1476 642 si
1509 601 1646 642 exitus
1678 616 1818 643 rerum

301 671 363 712 ita
395 685 620 726 ponemus,
660 674 709 712 ut
741 674 840 713 ante
874 686 1040 726 quoque
1073 687 1178 726 quae
1211 672 1325 713 facta
1357 672 1464 726 sint,
1497 673 1603 714 scire
1641 673 1820 727 possint,

299 742 473 783 tametsi
506 757 584 784 nos
616 743 930 784 retinuerimus:
970 743 1084 798 quod
1115 757 1270 798 genus,
1309 743 1346 785 si
1378 743 1514 785 dicam
1546 758 1613 785 me
1646 758 1696 785 ex
1726 759 1820 798 pro-

301 814 442 855 uincia
472 814 651 869 redisse,
682 814 922 869 profectum
955 829 1124 869 quoque
1156 815 1198 855 in
1230 815 1496 869 prouinciam
1533 814 1819 870 intellegatur.

300 885 359 926 Et
396 886 568 927 omnino
606 900 692 927 non
733 885 860 927 modo
899 886 959 940 id,
998 885 1111 940 quod
1151 885 1290 940 obest,
1329 886 1401 927 sed
1443 886 1569 927 etiam
1608 886 1669 940 id,
1708 886 1821 941 quod
1841 900 1875 924 10

300 971 438 1011 neque
471 957 594 998 obest
626 971 763 1012 neque
797 957 985 1011 adiuuat,
1020 957 1149 998 satius
1183 960 1246 998 est
1277 957 1521 1011 praeterire.
1582 957 1640 998 Et
1670 972 1722 998 ne
1755 957 1820 998 bis

302 1030 376 1069 aut
409 1027 578 1082 saepius
610 1028 722 1070 idem
749 1028 952 1082 dicamus,
985 1028 1221 1070 cauendum
1249 1031 1330 1082 est,
1363 1029 1493 1070 etiam
1525 1043 1577 1069 ne
1606 1028 1718 1083 quid,
1749 1043 1822 1069 no-

299 1100 468 1141 uissime
510 1099 588 1152 [id]
634 1100 744 1154 quod
790 1100 955 1154 [supra]
1005 1099 1206 1151 diximus,
1251 1100 1449 1154 deinceps
1492 1100 1699 1150 dicamus,
1741 1099 1821 1141 hoc

300 1171 425 1213 modo
461 1168 631 1226 (CRF2
648 1185 691 1225 p.
711 1170 831 1225 113):

389 1259 608 1301 Athenis
640 1259 900 1315 Megaram
931 1260 1136 1315 uesperi
1168 1260 1380 1301 aduenit
1412 1259 1565 1302 Simo:
1841 1270 1873 1295 15

389 1331 486 1372 Vbi
519 1332 727 1372 aduenit
757 1331 1035 1386 Megaram,
1067 1331 1288 1373 insidias
1322 1332 1446 1372 fecit
1477 1332 1691 1387 uirgini:

387 1402 616 1444 Insidias
649 1406 920 1457 postquam
952 1402 1093 1457 fecit,
1125 1403 1227 1444 uim
1260 1403 1314 1443 in
1345 1403 1458 1444 loco
1493 1402 1695 1444 adtulit.

419 1491 527 1533 Rem
547 1491 771 1533 dilucide
793 1492 1074 1546 narrabimus,
1096 1492 1131 1533 si
1152 1495 1199 1533 ut
1218 1491 1420 1546 quicquid
1440 1491 1624 1545 primum
1653 1493 1819 1546 gestum

302 1563 394 1617 erit,
426 1562 488 1604 ita
519 1563 705 1618 primum
738 1578 999 1618 exponemus
1032 1566 1075 1604 et
1105 1578 1246 1604 rerum
1280 1577 1328 1604 ac
1353 1566 1596 1617 temporum
1630 1562 1819 1604 ordinem

302 1634 664 1689 conseruabimus,
695 1637 742 1675 ut
775 1637 920 1690 gestae
952 1649 1019 1675 res
1047 1637 1171 1675 erunt
1197 1637 1270 1675 aut
1296 1636 1344 1674 ut
1369 1633 1559 1688 potuisse
1586 1633 1677 1688 geri
1703 1634 1820 1675 uide·
1839 1646 1873 1669 20

301 1705 482 1746 buntur:
515 1706 585 1748 hic
612 1706 692 1747 erit
717 1705 1088 1760 considerandum,
1120 1720 1172 1746 ne
1200 1704 1301 1759 quid
1325 1705 1587 1759 perturbate,
1613 1704 1695 1758 <ne
1723 1705 1822 1759 quid

302 1777 537 1830 contorte,>
582 1792 633 1819 ne
674 1777 776 1832 quid
812 1791 923 1818 noue
962 1776 1169 1830 dicamus,
1209 1790 1263 1817 ne
1309 1790 1436 1830 quam
1483 1776 1527 1816 in
1566 1775 1694 1816 aliam
1734 1789 1822 1816 rem

421 1905 440 1939 1
469 1905 576 1951 Rem]
603 1905 666 1939 DE
692 1905 842 1940 BREVI
868 1904 1197 1940 NARRATIONE.
1230 1905 1322 1938 Rem
1341 1907 1377 1936 M
1426 1903 1449 1937 2
1469 1903 1636 1949 narrare]
1661 1905 1821 1938 tractare

300 1970 326 1993 s.
348 1970 374 1993 S.
395 1963 455 1992 m]
485 1969 635 1993 narrare
663 1960 682 1993 b
803 1959 928 2005 initio]
955 1959 1136 2003 principio
1164 1959 1183 1993 b
1275 1957 1298 1991 3
1324 1956 1550 1992 uoluerimus
1577 1957 1600 1991 d
1699 1957 1723 1991 4
1742 1969 1820 2001 per-

303 2011 489 2056 sequimur
516 2013 534 2046 b
633 2012 656 2046 6
683 2013 871 2057 coepimus
899 2013 923 2047 d
1033 2012 1050 2046 7
1081 2021 1226 2055 quoque
1253 2021 1308 2045 om
1333 2011 1357 2044 d
1418 2013 1502 2045 suut
1527 2010 1551 2045 d
1613 2010 1704 2044 scire
1724 2010 1821 2044 ΗΡι

302 2065 386 2099 sciri
412 2064 578 2100 P2BCE
659 2066 683 2100 9
707 2065 861 2100 rediisse
887 2067 911 2100 d
995 2063 1228 2109 intelligatur
1253 2068 1280 2097 Ε
1364 2064 1413 2098 10
1439 2062 1588 2098 omnino
1615 2062 1720 2098 BCE
1758 2064 1821 2097 ho-

302 2118 392 2153 mini
431 2119 553 2153 HPH
613 2118 719 2152 abest
749 2118 807 2152 H¹
931 2118 979 2152 12
1016 2117 1114 2151 idem
1155 2116 1337 2163 dicamus]
1377 2116 1541 2152 dicamus
1579 2117 1622 2151 H
1656 2116 1821 2151 dicamus

300 2172 398 2206 idem
428 2173 446 2207 b
499 2171 713 2206 Cauendum
741 2174 798 2206 est
823 2172 935 2206 etiam
964 2172 974 2205 l
1015 2170 1228 2206 Cauendum
1256 2171 1366 2205 etiam
1394 2173 1451 2205 est
1478 2171 1496 2204 b
1546 2170 1685 2215 nequid
1715 2170 1822 2204 nobis

302 2226 416 2260 semel
449 2225 487 2259 id
520 2225 618 2269 quod
651 2236 760 2269 supra
795 2224 922 2260 HPH
954 2235 1000 2259 ne
1036 2223 1074 2258 id
1106 2225 1204 2268 quod
1236 2235 1346 2268 supra
1378 2224 1432 2258 Β1
1463 2235 1570 2269 super
1610 2234 1721 2268 supra
1757 2225 1822 2258 2122

303 2308 417 2343 semel
446 2310 561 2353 posito
586 2285 772 2343 ne's'semel
807 2307 845 2341 id
878 2300 992 2352 quod*
1021 2318 1132 2351 supra
1159 2306 1189 2340 O
1216 2318 1260 2340 ne
1292 2307 1331 2341 id
1356 2307 1454 2351 quod
1482 2318 1594 2351 supra
1626 2306 1740 2341 semel
1771 2306 1823 2340 bd

303 2374 347 2396 ne
376 2362 412 2396 id
439 2363 536 2405 quod
570 2362 683 2396 semel
718 2373 828 2406 supra
865 2362 876 2395 l
921 2360 1120 2396 nouissime
1152 2360 1282 2394 habent
1313 2360 1448 2395 Antias
1486 2360 1621 2395 Varro.-
1656 2358 1822 2404 proxime

306 2415 377 2450 Οἱς.
391 2415 435 2450 de
448 2416 523 2449 inu.
537 2414 552 2447 Ι
564 2419 620 2458 20,
635 2418 680 2450 28
695 2416 786 2457 conf.
798 2426 836 2459 p.
853 2417 960 2458 216‚7
996 2413 1044 2448 13
1058 2413 1128 2448 hoo
1142 2413 1188 2447 do
1201 2414 1236 2447 B
1262 2413 1311 2448 15
1327 2425 1515 2458 megaram
1530 2414 1553 2448 d
1577 2424 1769 2457 megarum
1783 2413 1823 2447 bl

303 2479 489 2502 mecarum
519 2467 679 2502 PHBO
702 2478 804 2502 mece
830 2478 960 2502 narum
987 2468 1031 2501 H
1100 2467 1216 2513 Simo]
1244 2467 1274 2502 si
1307 2468 1416 2502 modo
1443 2467 1487 2501 H
1541 2467 1590 2501 16
1615 2466 1820 2511 Megaram]

303 2523 420 2556 eadem
447 2523 697 2565 discrepantia
723 2533 813 2566 quae
838 2525 884 2556 15
934 2520 1023 2555 fecit
1048 2520 1203 2555 insidias
1230 2521 1250 2555 b
1299 2520 1456 2565 uirginis
1476 2520 1522 2555 H
1590 2520 1637 2555 17
1666 2520 1705 2554 in
1724 2531 1778 2554 om
1798 2521 1822 2554 d

303 2574 439 2609 adtulit
453 2575 489 2609 P
500 2575 628 2608 attulit
643 2576 773 2618 reliqui
782 2588 793 2615 ,·
806 2585 932 2610 uersus
949 2575 1079 2609 Plauti
1093 2585 1163 2610 esse
1177 2575 1307 2610 conicit
1323 2574 1584 2609 Thielmannus
1651 2574 1699 2608 18
1712 2573 1822 2618 Rem]

302 2627 365 2661 DE
381 2627 606 2662 DILUCIDA
626 2627 945 2662 NARRATIONE
970 2628 1063 2662 Rem
1076 2631 1112 2661 M
1135 2628 1366 2662 narrauimus
1381 2628 1437 2661 Η1
1469 2627 1642 2671 quicquid
1657 2626 1824 2660 HPHG

304 2682 482 2725 quidquid
508 2681 543 2715 B
582 2680 712 2725 quidq;
746 2682 789 2715 ld
822 2681 965 2726 quodq3
993 2683 1012 2716 b
1128 2680 1178 2715 20
1204 2679 1504 2715 conseruauimus
1530 2679 1587 2714 H1
1701 2678 1747 2712 ⁶21
1774 2690 1820 2712 ne

305 2735 392 2777 quid
417 2734 632 2778 perturbate
658 2745 703 2768 ne
737 2734 827 2779 quid
859 2736 1025 2769 contorte
1057 2746 1102 2769 ne
1137 2734 1226 2778 quid
1256 2744 1351 2768 noue
1383 2744 1429 2767 ne
1461 2731 1550 2776 quid
1583 2733 1754 2776 ambigue
1781 2733 1822 2766 bl

303 2797 349 2820 ne
375 2787 463 2830 quid
490 2787 702 2831 perturbate
730 2799 774 2821 ne
802 2787 891 2830 quid
917 2789 1085 2822 contorte
1117 2800 1162 2822 ne
1189 2787 1288 2831 quod
1320 2787 1492 2831 ambigue
1517 2786 1542 2820 d
1577 2783 1714 2828 nequid
1740 2796 1819 2828 per—

303 2840 451 2873 turbate
479 2840 613 2883 nequid
638 2840 726 2874 noui
752 2841 794 2874 H
802 2841 837 2873 P
860 2842 915 2885 (in
940 2841 977 2875 P
997 2844 1064 2876 7η2
1090 2852 1197 2884 super
1222 2841 1310 2875 noui
1334 2840 1508 2884 scriptum
1534 2837 1715 2881 ambigui)
1742 2838 1821 2871 ΠΒ

304 2898 349 2921 ne
377 2886 465 2930 quid
491 2887 706 2931 perturbate
733 2898 778 2921 ne
806 2887 894 2931 quid
921 2887 1086 2931 ambigui
1115 2888 1144 2922 G
1173 2888 1229 2931 (in
1254 2898 1365 2931 mara.
1399 2885 1458 2920 uel
1483 2885 1585 2929 noui)
