2003 3116
651 119 1022 155 PROLEGOMENA.
1545 121 1601 163 53

78 228 221 267 uetere
259 226 335 268 illo
376 226 464 270 cod.
497 227 715 282 deperdito
754 228 922 270 uidetur
959 243 1051 271 esse
1090 229 1339 284 desumptus
1377 244 1516 285 neque
1549 230 1601 271 ad

75 297 209 338 libros
256 297 308 338 ad
353 297 455 340 Her.
499 301 720 354 tamquam
764 301 957 341 recentes
1002 303 1044 342 et
1087 315 1223 342 nouos
1262 303 1311 342 ut
1350 301 1423 356 qui
1461 301 1600 343 denuo

75 382 182 411 saec.
216 367 301 409 XII
338 368 505 410 inuenti
544 370 629 411 sint
666 370 879 424 pertinere
912 385 1007 412 eum
1045 386 1156 413 nunc
1188 371 1439 414 crediderim
1471 373 1545 414 sed
1578 388 1603 414 a

78 438 214 480 doctis
258 454 362 481 saec.
395 439 503 481 XIII
547 441 721 482 ineunte
766 455 861 482 eum
906 442 1197 496 excogitatum
1243 457 1335 485 esse
1378 444 1601 497 probabile

75 513 140 551 est
172 511 245 565 qui
276 511 460 565 primam
493 511 748 553 rhetoricam
779 516 970 566 ueterem,
1009 513 1239 554 secundam
1270 527 1423 556 nouam
1456 516 1599 570 appel-

76 582 157 622 lari
208 581 446 636 elegantius
497 582 824 624 arbitrarentur.
892 581 1130 638 Utramque
1175 584 1434 627 rhetoricam
1479 587 1603 628 nouit

73 653 202 694 etiam
239 652 405 694 Dantes
449 655 578 707 poeta
617 653 690 707 qui
734 653 777 695 in
822 653 931 695 libro
981 653 1032 695 de
1077 655 1327 697 monarchia
1365 655 1409 698 II
1448 672 1539 712 cap.
1573 657 1600 699 5

70 739 111 779 p.
138 723 206 778 51,
235 724 285 765 11
322 723 420 766 edit.
441 723 579 765 Witte
620 724 787 765 scribit:
827 723 1031 780 ‘Propter
1063 725 1174 780 quod
1214 725 1319 767 bene
1352 727 1518 769 Tullius
1557 729 1602 769 in

72 795 214 848 prima
251 794 482 837 rhetorica:
529 792 722 849 Semper,
766 793 923 850 inquit,
970 795 1022 837 ad
1068 797 1301 838 utilitatem
1339 798 1599 851 reipublicae

71 867 189 922 leges
221 865 565 921 interpretandae
599 864 732 908 sunt':
765 867 874 908 conf.
909 867 958 907 de
991 867 1076 909 inu
1105 866 1124 907 Ι
1152 867 1219 921 38,
1242 868 1309 910 68.
1360 868 1417 910 Et
1443 870 1487 910 in
1515 870 1599 924 epi-

72 938 184 979 stola
230 937 282 979 ad
321 936 618 992 Cangrandem
661 951 751 992 cap.
788 937 912 979 XIX:
964 937 1162 994 ‘Propter
1206 940 1388 994 primam
1432 945 1600 994 partem

70 1009 325 1063 notandum,
363 1008 476 1063 quod
514 1009 565 1050 ad
611 1009 714 1050 bene
754 1009 1059 1051 exordiendum
1098 1011 1182 1051 tria
1220 1011 1514 1067 requiruntur,
1553 1016 1600 1055 ut

70 1081 174 1122 dicit
213 1079 377 1122 Tullius
421 1079 465 1120 in
517 1094 630 1121 noua·
678 1080 910 1135 rhetorica,
961 1081 1125 1122 scilicet
1171 1085 1219 1123 ut
1263 1082 1518 1124 beneuolum
1559 1088 1601 1125 et

69 1154 281 1193 attentum
309 1154 350 1192 et
376 1151 556 1193 docilem
583 1150 734 1193 reddat
760 1152 917 1206 aliquis
946 1152 1202 1193 auditorem:
1236 1156 1278 1194 et
1303 1153 1385 1195 hoc
1413 1154 1598 1196 maxime

69 1224 113 1264 in
145 1222 388 1265 admirabili
422 1236 576 1277 genere
610 1237 779 1277 causae,
811 1226 858 1264 ut
891 1223 1073 1277 ipsemet
1107 1223 1271 1265 Tullius
1305 1224 1451 1267 dicit’:
1489 1228 1597 1268 conf.

70 1294 121 1336 de
164 1294 251 1336 inu.
286 1293 307 1335 I
343 1294 412 1349 15,
441 1294 509 1335 20.
536 1294 605 1336 21.
674 1293 756 1336 Sed
800 1294 843 1335 in
891 1294 1021 1337 titulo
1068 1294 1209 1349 operis
1256 1297 1415 1337 errauit
1458 1303 1598 1351 poeta.

69 1365 219 1421 Neque
260 1365 372 1407 enim
415 1365 555 1420 prima
598 1364 814 1407 rhetorica
852 1379 963 1408 noua
1006 1366 1250 1421 appellatur
1289 1366 1362 1408 sed
1401 1368 1598 1422 secunda,

69 1437 94 1478 i.
116 1451 148 1478 e.
175 1436 391 1478 rhetorica
424 1436 476 1478 ad
502 1435 622 1478 Her.:
655 1451 737 1491 quo
773 1451 915 1479 errore
949 1452 1042 1479 sese
1075 1440 1301 1492 utramque
1338 1439 1444 1480 bene
1471 1454 1598 1482 nosse

69 1506 174 1549 satis
218 1507 399 1549 dilucide
444 1507 718 1563 significauit.
791 1507 941 1563 Neque
987 1523 1087 1550 uero
1131 1509 1213 1550 soli
1255 1509 1393 1551 Italici
1439 1509 1597 1551 librum

68 1578 294 1633 perutilem
338 1579 384 1620 in
427 1579 618 1634 linguam
663 1580 937 1621 uernaculam
982 1582 1149 1621 uertere
1189 1580 1333 1622 conati
1379 1584 1480 1622 sunt
1525 1582 1597 1623 sed

68 1650 198 1692 etiam
225 1650 452 1705 Byzantini
484 1664 580 1692 eum
608 1665 731 1692 suum
758 1652 963 1692 uolebant
991 1652 1081 1692 fieri
1110 1651 1257 1693 eodem
1285 1652 1375 1693 fere
1402 1655 1597 1707 tempore

69 1720 229 1763 Graece
269 1736 451 1764 uersum.
510 1721 624 1771 Quos
664 1722 861 1776 inprimis
894 1722 1124 1764 delectauit
1158 1722 1264 1764 artis
1304 1724 1596 1766 mnemonicae

68 1795 391 1835 monumentum
437 1794 656 1848 egregium
702 1797 744 1835 et
790 1794 1007 1849 singulare
1047 1794 1159 1849 quod
1204 1794 1250 1835 in
1292 1794 1402 1837 libro
1435 1794 1499 1836 III
1544 1796 1595 1837 ad

69 1864 170 1906 Her.
203 1867 418 1906 seruatum
453 1868 516 1905 est
549 1865 666 1906 cuius
699 1865 837 1907 simile
869 1879 1005 1920 neque
1041 1865 1211 1906 litterae
1245 1865 1425 1907 Latinae
1459 1882 1595 1921 neque

68 1935 255 1978 Graecae
289 1936 462 1978 omnino
495 1939 718 1991 praeterea
756 1939 959 1990 poteraut
991 1937 1275 1991 suppeditare.
1340 1936 1479 1986 Quare
1514 1937 1595 1994 By-

67 2007 266 2049 zantinus
312 2007 467 2062 aliquis
520 2009 610 2049 siue
654 2008 691 2049 is
737 2007 950 2049 Maximus
1001 2007 1216 2049 Planudes
1268 2008 1357 2049 siue
1404 2008 1594 2051 Thomas

70 2076 206 2120 Gazes
246 2079 334 2119 siue
373 2079 483 2119 alius
527 2079 619 2133 quis
658 2078 740 2120 fuit
779 2079 878 2120 libri
910 2078 977 2119 III
1010 2082 1177 2133 partem
1218 2079 1338 2120 illam
1381 2095 1487 2134 quae
1530 2084 1596 2122 est

68 2149 118 2190 de
156 2149 362 2190 memoria
400 2149 498 2190 inde
532 2165 556 2190 a
588 2164 680 2204 cap.
703 2151 756 2191 16
790 2164 922 2204 usque
962 2150 1015 2191 ad
1056 2150 1217 2191 exitum
1256 2151 1356 2191 libri
1390 2151 1433 2191 in
1466 2150 1595 2193 Grae-

68 2235 164 2262 cum
209 2234 450 2262 sermonem
488 2221 730 2262 transtulit:
775 2220 885 2263 conf.
920 2220 1304 2279 CKrumbacherus
1339 2221 1594 2264 Geschichte

68 2292 140 2332 der
173 2292 338 2346 byzant.
363 2290 602 2333 Litteratur
630 2292 740 2334 1891
770 2308 809 2347 p.
837 2292 922 2335 250
962 2292 1117 2347 Paulyi
1149 2293 1476 2348 Realencyclop.
1505 2309 1535 2335 s.
1556 2309 1594 2335 u.

67 2362 294 2404 Planudes.
360 2362 481 2405 Nihil
526 2378 628 2406 uero
678 2364 921 2418 peruersius
966 2363 1129 2405 factum
1175 2368 1256 2417 est,
1308 2379 1436 2419 quam
1482 2365 1595 2420 quod

67 2433 231 2476 Graeca
275 2434 352 2476 illa
395 2435 591 2476 uersione
636 2435 821 2477 editores
866 2436 933 2476 usi
979 2439 1078 2477 sunt
1123 2435 1175 2476 ad
1215 2435 1358 2477 Latini
1404 2437 1593 2478 auctoris

66 2506 197 2547 uerba
241 2505 493 2560 corrigenda
537 2508 611 2547 aut
655 2507 934 2548 emendanda.
997 2506 1110 2548 Nam
1156 2522 1256 2547 usus
1302 2510 1367 2548 est
1406 2507 1593 2549 Graecus

67 2576 139 2618 ille
166 2576 309 2618 codice
336 2576 485 2618 classis
512 2583 547 2618 E
572 2577 734 2618 nostris
767 2592 853 2619 non
886 2578 1077 2619 meliore:
1112 2592 1220 2632 quae
1247 2592 1334 2618 non
1367 2578 1592 2632 intellexit,

67 2662 116 2688 ea
149 2662 198 2688 ex
231 2662 308 2688 sua
341 2647 555 2688 sententia
587 2649 816 2689 constituit
855 2651 929 2689 aut
967 2663 1118 2702 parum
1157 2648 1357 2702 religiose
1395 2650 1593 2691 mutauit.

66 2717 214 2760 Veluti
244 2733 322 2772 pro
356 2718 529 2759 aedibus
561 2731 830 2773 paganorum
863 2718 1009 2773 posuit
1051 2719 1201 2772 βωμόν
1242 2719 1409 2774 16,29,
1444 2720 1592 2774 19,32

69 2791 266 2831 tricenum
303 2789 498 2831 confudit
537 2803 633 2830 cum
672 2790 828 2831 trinum
867 2789 978 2844 quod
1017 2789 1283 2844 ineptissime
1322 2791 1438 2832 editt.
1469 2792 1591 2833 resti-

70 2864 245 2902 tuerunt
276 2860 493 2915 nonnulli,
525 2859 706 2914 denique
738 2861 870 2903 uerba
902 2862 969 2916 20,
989 2861 1045 2904 33
1077 2861 1228 2904 medico
1260 2862 1459 2905 testiculos
1489 2864 1592 2905 arie-
