<?xml version="1.0" encoding="UTF-8"?>
<!DOCTYPE html PUBLIC "-//W3C//DTD XHTML 1.0 Transitional//EN"
    "http://www.w3.org/TR/xhtml1/DTD/xhtml1-transitional.dtd">
<html xmlns="http://www.w3.org/1999/xhtml" xml:lang="en" lang="en">
 <head>
  <title>
</title>
<meta http-equiv="Content-Type" content="text/html;charset=utf-8" />
  <meta name='ocr-system' content='tesseract 3.04.00' />
  <meta name='ocr-capabilities' content='ocr_page ocr_carea ocr_par ocr_line ocrx_word'/>
</head>
<body>
  <div class='ocr_page' id='page_1' title='image "./incertiauctorisd00marxuoft_0159.png"; bbox 0 0 2003 3116; ppageno 0'>
   <div class='ocr_carea' id='block_1_1' title="bbox 704 128 1653 169">
    <p class='ocr_par' dir='ltr' id='par_1_1' title="bbox 704 128 1653 169">
     <span class='ocr_line' id='line_1_1' title="bbox 704 128 1653 169; baseline 0.005 -5"><span class='ocrx_word' id='word_1_1' title='bbox 704 130 1071 165; x_wconf 75' lang='lat' dir='ltr'>PROLEGOMENA.</span> <span class='ocrx_word' id='word_1_2' title='bbox 1570 128 1653 169; x_wconf 84' lang='grc'>139</span> 
     </span>
    </p>
   </div>
   <div class='ocr_carea' id='block_1_2' title="bbox 129 236 1655 723">
    <p class='ocr_par' dir='ltr' id='par_1_2' title="bbox 129 236 1655 723">
     <span class='ocr_line' id='line_1_2' title="bbox 131 236 1653 294; baseline -0.003 -10"><span class='ocrx_word' id='word_1_3' title='bbox 131 240 387 284; x_wconf 87' lang='lat' dir='ltr'>uocabulum</span> <span class='ocrx_word' id='word_1_4' title='bbox 407 242 520 283; x_wconf 89' lang='lat' dir='ltr'>recte</span> <span class='ocrx_word' id='word_1_5' title='bbox 539 240 746 282; x_wconf 86' lang='lat' dir='ltr'>traditum</span> <span class='ocrx_word' id='word_1_6' title='bbox 766 240 856 282; x_wconf 90' lang='lat' dir='ltr'>noli</span> <span class='ocrx_word' id='word_1_7' title='bbox 877 242 1060 282; x_wconf 85' lang='lat' dir='ltr'>mutare:</span> <span class='ocrx_word' id='word_1_8' title='bbox 1087 238 1196 282; x_wconf 88' lang='lat' dir='ltr'>conf.</span> <span class='ocrx_word' id='word_1_9' title='bbox 1219 237 1328 280; x_wconf 84' lang='lat' dir='ltr'>Gell.</span> <span class='ocrx_word' id='word_1_10' title='bbox 1346 237 1409 280; x_wconf 88' lang='lat' dir='ltr'>VI</span> <span class='ocrx_word' id='word_1_11' title='bbox 1429 238 1468 293; x_wconf 83' lang='grc'>9,</span> <span class='ocrx_word' id='word_1_12' title='bbox 1492 237 1556 280; x_wconf 92' lang='grc'>11.</span> <span class='ocrx_word' id='word_1_13' title='bbox 1580 236 1653 294; x_wconf 76' lang='grc'>12)</span> 
     </span>
     <span class='ocr_line' id='line_1_3' title="bbox 132 310 1654 367; baseline -0.003 -12"><span class='ocrx_word' id='word_1_14' title='bbox 132 312 286 356; x_wconf 90' lang='lat' dir='ltr'>codicis</span> <span class='ocrx_word' id='word_1_15' title='bbox 325 313 439 354; x_wconf 87' lang='lat' dir='ltr'>illius</span> <span class='ocrx_word' id='word_1_16' title='bbox 476 311 661 354; x_wconf 85' lang='lat' dir='ltr'>Parisini</span> <span class='ocrx_word' id='word_1_17' title='bbox 699 310 772 354; x_wconf 84' lang='lat' dir='ltr'>GL</span> <span class='ocrx_word' id='word_1_18' title='bbox 805 310 891 354; x_wconf 90' lang='lat' dir='ltr'>VII</span> <span class='ocrx_word' id='word_1_19' title='bbox 921 327 962 367; x_wconf 87' lang='lat' dir='ltr'>p.</span> <span class='ocrx_word' id='word_1_20' title='bbox 989 311 1093 365; x_wconf 79' lang='lat'>534,</span> <span class='ocrx_word' id='word_1_21' title='bbox 1119 310 1146 353; x_wconf 85' lang='lat'>5</span> <span class='ocrx_word' id='word_1_22' title='bbox 1187 311 1356 352; x_wconf 88' lang='lat' dir='ltr'>constat</span> <span class='ocrx_word' id='word_1_23' title='bbox 1394 310 1654 352; x_wconf 89' lang='lat' dir='ltr'>testimonio.</span> 
     </span>
     <span class='ocr_line' id='line_1_4' title="bbox 132 381 1654 438; baseline -0.003 -12"><span class='ocrx_word' id='word_1_24' title='bbox 132 383 250 434; x_wconf 83' lang='lat' dir='ltr'>Quae</span> <span class='ocrx_word' id='word_1_25' title='bbox 288 386 416 427; x_wconf 88' lang='lat' dir='ltr'>notae</span> <span class='ocrx_word' id='word_1_26' title='bbox 453 398 543 426; x_wconf 90' lang='lat' dir='ltr'>non</span> <span class='ocrx_word' id='word_1_27' title='bbox 587 383 776 425; x_wconf 91' lang='lat' dir='ltr'>omnium</span> <span class='ocrx_word' id='word_1_28' title='bbox 821 382 1019 425; x_wconf 87' lang='lat' dir='ltr'>similiter</span> <span class='ocrx_word' id='word_1_29' title='bbox 1059 381 1442 438; x_wconf 87' lang='lat' dir='ltr'>grammaticorum</span> <span class='ocrx_word' id='word_1_30' title='bbox 1481 381 1554 423; x_wconf 89' lang='lat' dir='ltr'>sed</span> <span class='ocrx_word' id='word_1_31' title='bbox 1591 381 1654 423; x_wconf 92' lang='lat' dir='ltr'>in-</span> 
     </span>
     <span class='ocr_line' id='line_1_5' title="bbox 131 451 1654 510; baseline -0.001 -14"><span class='ocrx_word' id='word_1_32' title='bbox 131 455 284 510; x_wconf 83' lang='lat' dir='ltr'>primis</span> <span class='ocrx_word' id='word_1_33' title='bbox 327 454 704 497; x_wconf 89' lang='lat' dir='ltr'>Aristarcheorum</span> <span class='ocrx_word' id='word_1_34' title='bbox 748 457 871 496; x_wconf 89' lang='lat' dir='ltr'>erant</span> <span class='ocrx_word' id='word_1_35' title='bbox 913 453 1126 508; x_wconf 87' lang='lat' dir='ltr'>propriae.</span> <span class='ocrx_word' id='word_1_36' title='bbox 1187 451 1313 495; x_wconf 83' lang='lat' dir='ltr'>Unde</span> <span class='ocrx_word' id='word_1_37' title='bbox 1359 452 1460 495; x_wconf 80' lang='lat' dir='ltr'>uero</span> <span class='ocrx_word' id='word_1_38' title='bbox 1507 453 1654 494; x_wconf 88' lang='lat' dir='ltr'>Aelius</span> 
     </span>
     <span class='ocr_line' id='line_1_6' title="bbox 129 523 1653 579; baseline -0.002 -11"><span class='ocrx_word' id='word_1_39' title='bbox 129 526 242 568; x_wconf 87' lang='lat' dir='ltr'>hanc</span> <span class='ocrx_word' id='word_1_40' title='bbox 282 525 603 568; x_wconf 87' lang='lat' dir='ltr'>Aristarcheam</span> <span class='ocrx_word' id='word_1_41' title='bbox 645 525 886 567; x_wconf 78' lang='lat' dir='ltr'>doctrinam</span> <span class='ocrx_word' id='word_1_42' title='bbox 931 523 1146 579; x_wconf 80' lang='lat' dir='ltr'>sumpsit?</span> <span class='ocrx_word' id='word_1_43' title='bbox 1208 523 1278 565; x_wconf 90' lang='lat' dir='ltr'>An</span> <span class='ocrx_word' id='word_1_44' title='bbox 1315 538 1365 565; x_wconf 86' lang='lat' dir='ltr'>ex</span> <span class='ocrx_word' id='word_1_45' title='bbox 1402 523 1526 566; x_wconf 89' lang='lat' dir='ltr'>libris</span> <span class='ocrx_word' id='word_1_46' title='bbox 1559 524 1653 565; x_wconf 92' lang='lat' dir='ltr'>Ari-</span> 
     </span>
     <span class='ocr_line' id='line_1_7' title="bbox 132 595 1655 651; baseline -0.002 -12"><span class='ocrx_word' id='word_1_47' title='bbox 132 597 322 640; x_wconf 78' lang='lat' dir='ltr'>starchi?</span> <span class='ocrx_word' id='word_1_48' title='bbox 373 595 495 644; x_wconf 81' lang='lat' dir='ltr'>Quod</span> <span class='ocrx_word' id='word_1_49' title='bbox 528 596 621 638; x_wconf 91' lang='lat' dir='ltr'>fieri</span> <span class='ocrx_word' id='word_1_50' title='bbox 645 596 840 651; x_wconf 87' lang='lat' dir='ltr'>profecto</span> <span class='ocrx_word' id='word_1_51' title='bbox 866 595 1026 651; x_wconf 89' lang='lat' dir='ltr'>potuit:</span> <span class='ocrx_word' id='word_1_52' title='bbox 1059 598 1206 637; x_wconf 86' lang='lat' dir='ltr'>tamen</span> <span class='ocrx_word' id='word_1_53' title='bbox 1239 595 1274 637; x_wconf 89' lang='lat' dir='ltr'>si</span> <span class='ocrx_word' id='word_1_54' title='bbox 1308 596 1488 650; x_wconf 89' lang='lat' dir='ltr'>quaeris,</span> <span class='ocrx_word' id='word_1_55' title='bbox 1519 595 1655 637; x_wconf 86' lang='lat' dir='ltr'>multo</span> 
     </span>
     <span class='ocr_line' id='line_1_8' title="bbox 131 666 1655 723; baseline -0.001 -14"><span class='ocrx_word' id='word_1_56' title='bbox 131 669 229 723; x_wconf 88' lang='lat' dir='ltr'>plus</span> <span class='ocrx_word' id='word_1_57' title='bbox 270 667 383 709; x_wconf 85' lang='lat' dir='ltr'>ualet</span> <span class='ocrx_word' id='word_1_58' title='bbox 421 681 516 709; x_wconf 88' lang='lat' dir='ltr'>cum</span> <span class='ocrx_word' id='word_1_59' title='bbox 553 666 680 709; x_wconf 90' lang='lat' dir='ltr'>hodie</span> <span class='ocrx_word' id='word_1_60' title='bbox 717 669 810 709; x_wconf 89' lang='lat' dir='ltr'>tum</span> <span class='ocrx_word' id='word_1_61' title='bbox 848 667 1023 709; x_wconf 88' lang='lat' dir='ltr'>ualebat</span> <span class='ocrx_word' id='word_1_62' title='bbox 1055 666 1168 721; x_wconf 86' lang='lat' dir='ltr'>apud</span> <span class='ocrx_word' id='word_1_63' title='bbox 1200 666 1400 722; x_wconf 87' lang='lat' dir='ltr'>antiquos</span> <span class='ocrx_word' id='word_1_64' title='bbox 1439 666 1655 708; x_wconf 82' lang='lat' dir='ltr'>institutio</span> 
     </span>
    </p>
   </div>
   <div class='ocr_carea' id='block_1_3' title="bbox 55 738 1656 794">
    <p class='ocr_par' dir='ltr' id='par_1_3' title="bbox 55 738 1656 794">
     <span class='ocr_line' id='line_1_9' title="bbox 55 738 1656 794; baseline -0.001 -13"><span class='ocrx_word' id='word_1_65' title='bbox 55 752 58 754; x_wconf 72' lang='grc'>’</span> <span class='ocrx_word' id='word_1_66' title='bbox 131 739 246 782; x_wconf 86' lang='lat' dir='ltr'>facta</span> <span class='ocrx_word' id='word_1_67' title='bbox 270 753 346 794; x_wconf 88' lang='lat' dir='ltr'>per</span> <span class='ocrx_word' id='word_1_68' title='bbox 372 738 625 794; x_wconf 87' lang='lat' dir='ltr'>magistrum</span> <span class='ocrx_word' id='word_1_69' title='bbox 654 739 756 780; x_wconf 89' lang='lat' dir='ltr'>uiua</span> <span class='ocrx_word' id='word_1_70' title='bbox 786 752 889 780; x_wconf 89' lang='lat' dir='ltr'>uoce</span> <span class='ocrx_word' id='word_1_71' title='bbox 916 739 1196 780; x_wconf 74' lang='lat' dir='ltr'>disserentem</span> <span class='ocrx_word' id='word_1_72' title='bbox 1223 752 1351 792; x_wconf 90' lang='lat' dir='ltr'>quam</span> <span class='ocrx_word' id='word_1_73' title='bbox 1379 753 1486 793; x_wconf 89' lang='lat' dir='ltr'>quae</span> <span class='ocrx_word' id='word_1_74' title='bbox 1513 740 1656 780; x_wconf 88' lang='lat' dir='ltr'>cartae</span> 
     </span>
    </p>
   </div>
   <div class='ocr_carea' id='block_1_4' title="bbox 132 808 1663 2923">
    <p class='ocr_par' dir='ltr' id='par_1_4' title="bbox 132 808 1663 2923">
     <span class='ocr_line' id='line_1_10' title="bbox 133 808 1656 866; baseline -0.001 -14"><span class='ocrx_word' id='word_1_75' title='bbox 133 813 276 852; x_wconf 89' lang='lat' dir='ltr'>mutae</span> <span class='ocrx_word' id='word_1_76' title='bbox 309 811 351 851; x_wconf 86' lang='lat' dir='ltr'>et</span> <span class='ocrx_word' id='word_1_77' title='bbox 382 809 550 851; x_wconf 88' lang='lat' dir='ltr'>silentis</span> <span class='ocrx_word' id='word_1_78' title='bbox 584 824 714 864; x_wconf 88' lang='lat' dir='ltr'>opera</span> <span class='ocrx_word' id='word_1_79' title='bbox 751 824 908 866; x_wconf 88' lang='lat' dir='ltr'>magno</span> <span class='ocrx_word' id='word_1_80' title='bbox 941 809 1091 852; x_wconf 90' lang='lat' dir='ltr'>labore</span> <span class='ocrx_word' id='word_1_81' title='bbox 1123 808 1368 864; x_wconf 87' lang='lat' dir='ltr'>parabatur.</span> <span class='ocrx_word' id='word_1_82' title='bbox 1432 808 1656 851; x_wconf 84' lang='lat' dir='ltr'>Gramma-</span> 
     </span>
     <span class='ocr_line' id='line_1_11' title="bbox 132 880 1658 936; baseline -0.002 -13"><span class='ocrx_word' id='word_1_83' title='bbox 132 881 242 924; x_wconf 88' lang='lat' dir='ltr'>ticae</span> <span class='ocrx_word' id='word_1_84' title='bbox 280 883 424 923; x_wconf 91' lang='lat' dir='ltr'>autem</span> <span class='ocrx_word' id='word_1_85' title='bbox 456 881 760 924; x_wconf 87' lang='lat' dir='ltr'>Aristarcheae</span> <span class='ocrx_word' id='word_1_86' title='bbox 798 881 883 924; x_wconf 88' lang='lat' dir='ltr'>dux</span> <span class='ocrx_word' id='word_1_87' title='bbox 921 884 964 924; x_wconf 91' lang='lat' dir='ltr'>et</span> <span class='ocrx_word' id='word_1_88' title='bbox 1002 881 1200 936; x_wconf 88' lang='lat' dir='ltr'>princeps</span> <span class='ocrx_word' id='word_1_89' title='bbox 1239 881 1312 922; x_wconf 87' lang='lat' dir='ltr'>illo</span> <span class='ocrx_word' id='word_1_90' title='bbox 1346 883 1540 935; x_wconf 87' lang='lat' dir='ltr'>tempore</span> <span class='ocrx_word' id='word_1_91' title='bbox 1576 880 1658 921; x_wconf 86' lang='lat' dir='ltr'>fuit</span> 
     </span>
     <span class='ocr_line' id='line_1_12' title="bbox 135 951 1656 1009; baseline -0.001 -15"><span class='ocrx_word' id='word_1_92' title='bbox 135 952 383 1008; x_wconf 86' lang='lat' dir='ltr'>Dionysius,</span> <span class='ocrx_word' id='word_1_93' title='bbox 415 953 482 995; x_wconf 90' lang='lat' dir='ltr'>cui</span> <span class='ocrx_word' id='word_1_94' title='bbox 514 967 750 1009; x_wconf 82' lang='lat' dir='ltr'>cognomen</span> <span class='ocrx_word' id='word_1_95' title='bbox 783 957 875 996; x_wconf 88' lang='lat' dir='ltr'>erat</span> <span class='ocrx_word' id='word_1_96' title='bbox 907 953 1076 1007; x_wconf 81' lang='lat' dir='ltr'>Thraci,</span> <span class='ocrx_word' id='word_1_97' title='bbox 1110 952 1182 1008; x_wconf 88' lang='lat' dir='ltr'>qui</span> <span class='ocrx_word' id='word_1_98' title='bbox 1215 951 1357 994; x_wconf 85' lang='lat' dir='ltr'>Rhodi</span> <span class='ocrx_word' id='word_1_99' title='bbox 1389 952 1534 994; x_wconf 84' lang='lat' dir='ltr'>docuit</span> <span class='ocrx_word' id='word_1_100' title='bbox 1567 965 1656 993; x_wconf 88' lang='lat' dir='ltr'>sae-</span> 
     </span>
     <span class='ocr_line' id='line_1_13' title="bbox 134 1022 1657 1082; baseline -0.003 -16"><span class='ocrx_word' id='word_1_101' title='bbox 134 1024 230 1066; x_wconf 92' lang='lat' dir='ltr'>culo</span> <span class='ocrx_word' id='word_1_102' title='bbox 263 1039 300 1066; x_wconf 88' lang='lat' dir='ltr'>a.</span> <span class='ocrx_word' id='word_1_103' title='bbox 334 1022 408 1066; x_wconf 85' lang='lat' dir='ltr'>Ch.</span> <span class='ocrx_word' id='word_1_104' title='bbox 449 1025 583 1067; x_wconf 88' lang='lat' dir='ltr'>altero</span> <span class='ocrx_word' id='word_1_105' title='bbox 622 1027 800 1067; x_wconf 83' lang='lat' dir='ltr'>exeunte</span> <span class='ocrx_word' id='word_1_106' title='bbox 840 1023 933 1082; x_wconf 84' lang='lat' dir='ltr'>(GL</span> <span class='ocrx_word' id='word_1_107' title='bbox 965 1024 1028 1067; x_wconf 91' lang='lat' dir='ltr'>IV</span> <span class='ocrx_word' id='word_1_108' title='bbox 1056 1040 1094 1079; x_wconf 90' lang='lat' dir='ltr'>p.</span> <span class='ocrx_word' id='word_1_109' title='bbox 1121 1024 1226 1078; x_wconf 71' lang='lat'>5529,</span> <span class='ocrx_word' id='word_1_110' title='bbox 1255 1024 1297 1077; x_wconf 76' lang='lat'>7)</span> <span class='ocrx_word' id='word_1_111' title='bbox 1337 1026 1379 1065; x_wconf 90' lang='lat' dir='ltr'>et</span> <span class='ocrx_word' id='word_1_112' title='bbox 1416 1022 1657 1065; x_wconf 75' lang='lat' dir='ltr'>Aristarchi</span> 
     </span>
     <span class='ocr_line' id='line_1_14' title="bbox 134 1092 1659 1153; baseline -0.001 -17"><span class='ocrx_word' id='word_1_113' title='bbox 134 1096 258 1151; x_wconf 85' lang='lat' dir='ltr'>signa</span> <span class='ocrx_word' id='word_1_114' title='bbox 275 1096 322 1136; x_wconf 93' lang='lat' dir='ltr'>in</span> <span class='ocrx_word' id='word_1_115' title='bbox 342 1096 499 1138; x_wconf 88' lang='lat' dir='ltr'>scholis</span> <span class='ocrx_word' id='word_1_116' title='bbox 526 1097 614 1139; x_wconf 88' lang='lat' dir='ltr'>suis</span> <span class='ocrx_word' id='word_1_117' title='bbox 640 1097 1008 1152; x_wconf 86' lang='lat' dir='ltr'>interpretabatur</span> <span class='ocrx_word' id='word_1_118' title='bbox 1030 1094 1191 1153; x_wconf 83' lang='lat' dir='ltr'>(Schol.</span> <span class='ocrx_word' id='word_1_119' title='bbox 1206 1094 1356 1136; x_wconf 88' lang='lat' dir='ltr'>Venet.</span> <span class='ocrx_word' id='word_1_120' title='bbox 1378 1095 1415 1136; x_wconf 89' lang='lat' dir='ltr'>A</span> <span class='ocrx_word' id='word_1_121' title='bbox 1438 1094 1491 1136; x_wconf 86' lang='lat' dir='ltr'>ad</span> <span class='ocrx_word' id='word_1_122' title='bbox 1513 1097 1550 1135; x_wconf 93' lang='grc' dir='ltr'><em>Ο</em></span> <span class='ocrx_word' id='word_1_123' title='bbox 1570 1092 1659 1149; x_wconf 79' lang='grc'>86).</span> 
     </span>
     <span class='ocr_line' id='line_1_15' title="bbox 133 1165 1656 1223; baseline -0.001 -15"><span class='ocrx_word' id='word_1_124' title='bbox 133 1166 180 1209; x_wconf 89' lang='lat' dir='ltr'>L.</span> <span class='ocrx_word' id='word_1_125' title='bbox 207 1165 356 1209; x_wconf 87' lang='lat' dir='ltr'>Aelius</span> <span class='ocrx_word' id='word_1_126' title='bbox 385 1165 493 1210; x_wconf 86' lang='lat' dir='ltr'>Stilo</span> <span class='ocrx_word' id='word_1_127' title='bbox 527 1183 639 1211; x_wconf 81' lang='lat' dir='ltr'>anno</span> <span class='ocrx_word' id='word_1_128' title='bbox 673 1169 865 1223; x_wconf 75' lang='lat' dir='ltr'>654s100</span> <span class='ocrx_word' id='word_1_129' title='bbox 899 1171 1073 1210; x_wconf 88' lang='lat' dir='ltr'>auctore</span> <span class='ocrx_word' id='word_1_130' title='bbox 1106 1165 1309 1208; x_wconf 78' lang='lat' dir='ltr'>Suetonio</span> <span class='ocrx_word' id='word_1_131' title='bbox 1343 1166 1393 1207; x_wconf 91' lang='lat' dir='ltr'>de</span> <span class='ocrx_word' id='word_1_132' title='bbox 1426 1180 1604 1222; x_wconf 81' lang='lat' dir='ltr'>gramm.</span> <span class='ocrx_word' id='word_1_133' title='bbox 1632 1166 1656 1206; x_wconf 73' lang='grc' dir='ltr'><strong>ὃ</strong></span> 
     </span>
     <span class='ocr_line' id='line_1_16' title="bbox 133 1236 1658 1292; baseline -0.002 -12"><span class='ocrx_word' id='word_1_134' title='bbox 133 1239 178 1280; x_wconf 90' lang='lat' dir='ltr'>in</span> <span class='ocrx_word' id='word_1_135' title='bbox 210 1239 405 1281; x_wconf 87' lang='lat' dir='ltr'>exsilium</span> <span class='ocrx_word' id='word_1_136' title='bbox 438 1239 668 1282; x_wconf 82' lang='lat' dir='ltr'>comitatus</span> <span class='ocrx_word' id='word_1_137' title='bbox 701 1244 766 1283; x_wconf 89' lang='lat' dir='ltr'>est</span> <span class='ocrx_word' id='word_1_138' title='bbox 793 1239 840 1289; x_wconf 86' lang='lat' dir='ltr'>Q.</span> <span class='ocrx_word' id='word_1_139' title='bbox 866 1239 1092 1281; x_wconf 88' lang='lat' dir='ltr'>Metellum</span> <span class='ocrx_word' id='word_1_140' title='bbox 1124 1237 1401 1280; x_wconf 87' lang='lat' dir='ltr'>Numidicum</span> <span class='ocrx_word' id='word_1_141' title='bbox 1433 1237 1506 1292; x_wconf 89' lang='lat' dir='ltr'>qui</span> <span class='ocrx_word' id='word_1_142' title='bbox 1535 1236 1658 1278; x_wconf 87' lang='lat' dir='ltr'>Liuio</span> 
     </span>
     <span class='ocr_line' id='line_1_17' title="bbox 135 1307 1658 1366; baseline -0.003 -13"><span class='ocrx_word' id='word_1_143' title='bbox 135 1314 306 1353; x_wconf 88' lang='lat' dir='ltr'>auctore</span> <span class='ocrx_word' id='word_1_144' title='bbox 338 1326 424 1366; x_wconf 87' lang='lat' dir='ltr'>per.</span> <span class='ocrx_word' id='word_1_145' title='bbox 451 1312 505 1354; x_wconf 87' lang='grc'>69</span> <span class='ocrx_word' id='word_1_146' title='bbox 548 1311 611 1354; x_wconf 72' lang='lat' dir='ltr'>‘in</span> <span class='ocrx_word' id='word_1_147' title='bbox 643 1312 841 1354; x_wconf 85' lang='lat' dir='ltr'>exsilium</span> <span class='ocrx_word' id='word_1_148' title='bbox 874 1311 1168 1354; x_wconf 86' lang='lat' dir='ltr'>uoluntarium</span> <span class='ocrx_word' id='word_1_149' title='bbox 1200 1309 1400 1351; x_wconf 85' lang='lat' dir='ltr'>Rhodum</span> <span class='ocrx_word' id='word_1_150' title='bbox 1438 1307 1658 1363; x_wconf 87' lang='lat' dir='ltr'>profectus</span> 
     </span>
     <span class='ocr_line' id='line_1_18' title="bbox 135 1378 1659 1439; baseline -0.003 -15"><span class='ocrx_word' id='word_1_151' title='bbox 135 1386 201 1425; x_wconf 90' lang='lat' dir='ltr'>est</span> <span class='ocrx_word' id='word_1_152' title='bbox 238 1382 382 1438; x_wconf 88' lang='lat' dir='ltr'>ibique</span> <span class='ocrx_word' id='word_1_153' title='bbox 419 1383 600 1439; x_wconf 87' lang='lat' dir='ltr'>legendo</span> <span class='ocrx_word' id='word_1_154' title='bbox 639 1387 682 1425; x_wconf 93' lang='lat' dir='ltr'>et</span> <span class='ocrx_word' id='word_1_155' title='bbox 726 1384 933 1426; x_wconf 89' lang='lat' dir='ltr'>audiendo</span> <span class='ocrx_word' id='word_1_156' title='bbox 979 1396 1161 1438; x_wconf 85' lang='lat' dir='ltr'>magnos</span> <span class='ocrx_word' id='word_1_157' title='bbox 1205 1382 1320 1423; x_wconf 89' lang='lat' dir='ltr'>uiros</span> <span class='ocrx_word' id='word_1_158' title='bbox 1366 1378 1659 1422; x_wconf 87' lang='lat' dir='ltr'>auocabatur’.</span> 
     </span>
     <span class='ocr_line' id='line_1_19' title="bbox 133 1451 1659 1510; baseline -0.003 -14"><span class='ocrx_word' id='word_1_159' title='bbox 133 1454 272 1496; x_wconf 85' lang='lat' dir='ltr'>Nemo</span> <span class='ocrx_word' id='word_1_160' title='bbox 317 1468 418 1497; x_wconf 89' lang='lat' dir='ltr'>uero</span> <span class='ocrx_word' id='word_1_161' title='bbox 464 1456 772 1510; x_wconf 88' lang='lat' dir='ltr'>grammaticus</span> <span class='ocrx_word' id='word_1_162' title='bbox 816 1456 891 1497; x_wconf 91' lang='lat' dir='ltr'>illo</span> <span class='ocrx_word' id='word_1_163' title='bbox 936 1458 1130 1509; x_wconf 86' lang='lat' dir='ltr'>tempore</span> <span class='ocrx_word' id='word_1_164' title='bbox 1170 1453 1345 1495; x_wconf 86' lang='lat' dir='ltr'>maioris</span> <span class='ocrx_word' id='word_1_165' title='bbox 1391 1451 1659 1494; x_wconf 81' lang='lat' dir='ltr'>auctoritatis</span> 
     </span>
     <span class='ocr_line' id='line_1_20' title="bbox 134 1523 1659 1582; baseline -0.003 -15"><span class='ocrx_word' id='word_1_166' title='bbox 134 1529 244 1581; x_wconf 85' lang='lat' dir='ltr'>erat,</span> <span class='ocrx_word' id='word_1_167' title='bbox 283 1540 410 1580; x_wconf 84' lang='lat' dir='ltr'>quam</span> <span class='ocrx_word' id='word_1_168' title='bbox 443 1527 681 1582; x_wconf 85' lang='lat' dir='ltr'>Dionysius</span> <span class='ocrx_word' id='word_1_169' title='bbox 714 1527 786 1569; x_wconf 92' lang='lat' dir='ltr'>ille</span> <span class='ocrx_word' id='word_1_170' title='bbox 820 1526 1065 1568; x_wconf 87' lang='lat' dir='ltr'>Arist-archi</span> <span class='ocrx_word' id='word_1_171' title='bbox 1097 1524 1351 1580; x_wconf 86' lang='lat' dir='ltr'>discipulus,</span> <span class='ocrx_word' id='word_1_172' title='bbox 1392 1523 1464 1578; x_wconf 89' lang='lat' dir='ltr'>qui</span> <span class='ocrx_word' id='word_1_173' title='bbox 1496 1523 1659 1579; x_wconf 81' lang='lat' dir='ltr'>primus</span> 
     </span>
     <span class='ocr_line' id='line_1_21' title="bbox 135 1591 1659 1654; baseline -0.003 -14"><span class='ocrx_word' id='word_1_174' title='bbox 135 1600 268 1640; x_wconf 85' lang='lat' dir='ltr'>artem</span> <span class='ocrx_word' id='word_1_175' title='bbox 296 1599 620 1653; x_wconf 84' lang='lat' dir='ltr'>grammaticam</span> <span class='ocrx_word' id='word_1_176' title='bbox 647 1599 903 1654; x_wconf 83' lang='lat' dir='ltr'>composuit,</span> <span class='ocrx_word' id='word_1_177' title='bbox 929 1598 1087 1652; x_wconf 84' lang='lat' dir='ltr'>rhetor,</span> <span class='ocrx_word' id='word_1_178' title='bbox 1115 1597 1267 1651; x_wconf 90' lang='lat' dir='ltr'>pictor,</span> <span class='ocrx_word' id='word_1_179' title='bbox 1300 1595 1487 1637; x_wconf 83' lang='lat' dir='ltr'>caelator</span> <span class='ocrx_word' id='word_1_180' title='bbox 1514 1591 1584 1650; x_wconf 86' lang='lat' dir='ltr'>(E.</span> <span class='ocrx_word' id='word_1_181' title='bbox 1604 1593 1659 1636; x_wconf 81' lang='lat' dir='ltr'>M.</span> 
     </span>
     <span class='ocr_line' id='line_1_22' title="bbox 132 1665 1659 1726; baseline -0.004 -15"><span class='ocrx_word' id='word_1_182' title='bbox 132 1684 173 1723; x_wconf 89' lang='lat' dir='ltr'>p.</span> <span class='ocrx_word' id='word_1_183' title='bbox 199 1670 298 1723; x_wconf 75' lang='lat'>277,</span> <span class='ocrx_word' id='word_1_184' title='bbox 324 1669 380 1712; x_wconf 82' lang='lat'>53</span> <span class='ocrx_word' id='word_1_185' title='bbox 406 1670 560 1713; x_wconf 85' lang='lat' dir='ltr'>Athen.</span> <span class='ocrx_word' id='word_1_186' title='bbox 587 1670 650 1712; x_wconf 82' lang='lat' dir='ltr'>XI</span> <span class='ocrx_word' id='word_1_187' title='bbox 676 1687 716 1726; x_wconf 90' lang='lat' dir='ltr'>p.</span> <span class='ocrx_word' id='word_1_188' title='bbox 742 1670 829 1712; x_wconf 73' lang='lat'>489</span> <span class='ocrx_word' id='word_1_189' title='bbox 850 1668 922 1726; x_wconf 87' lang='lat' dir='ltr'>A),</span> <span class='ocrx_word' id='word_1_190' title='bbox 954 1671 1104 1724; x_wconf 84' lang='lat' dir='ltr'>utpote</span> <span class='ocrx_word' id='word_1_191' title='bbox 1132 1668 1206 1723; x_wconf 89' lang='lat' dir='ltr'>qui</span> <span class='ocrx_word' id='word_1_192' title='bbox 1237 1667 1282 1708; x_wconf 88' lang='lat' dir='ltr'>in</span> <span class='ocrx_word' id='word_1_193' title='bbox 1306 1665 1496 1708; x_wconf 88' lang='lat' dir='ltr'>Homero</span> <span class='ocrx_word' id='word_1_194' title='bbox 1530 1665 1659 1706; x_wconf 86' lang='lat' dir='ltr'>inter-</span> 
     </span>
     <span class='ocr_line' id='line_1_23' title="bbox 133 1736 1661 1796; baseline -0.003 -14"><span class='ocrx_word' id='word_1_195' title='bbox 133 1740 343 1796; x_wconf 88' lang='lat' dir='ltr'>pretando</span> <span class='ocrx_word' id='word_1_196' title='bbox 382 1740 582 1784; x_wconf 83' lang='lat' dir='ltr'>Nestoris</span> <span class='ocrx_word' id='word_1_197' title='bbox 629 1742 831 1796; x_wconf 90' lang='lat' dir='ltr'>poculum</span> <span class='ocrx_word' id='word_1_198' title='bbox 877 1742 968 1795; x_wconf 90' lang='lat' dir='ltr'>ipse</span> <span class='ocrx_word' id='word_1_199' title='bbox 1014 1741 1066 1782; x_wconf 85' lang='lat' dir='ltr'>ad</span> <span class='ocrx_word' id='word_1_200' title='bbox 1104 1742 1256 1795; x_wconf 85' lang='lat' dir='ltr'>poetae</span> <span class='ocrx_word' id='word_1_201' title='bbox 1297 1752 1445 1779; x_wconf 90' lang='lat' dir='ltr'>uersus</span> <span class='ocrx_word' id='word_1_202' title='bbox 1489 1736 1661 1778; x_wconf 89' lang='lat' dir='ltr'>finxerit</span> 
     </span>
     <span class='ocr_line' id='line_1_24' title="bbox 135 1807 1654 1868; baseline -0.003 -15"><span class='ocrx_word' id='word_1_203' title='bbox 135 1814 315 1867; x_wconf 87' lang='lat' dir='ltr'>argento</span> <span class='ocrx_word' id='word_1_204' title='bbox 340 1827 365 1854; x_wconf 86' lang='lat' dir='ltr'>a</span> <span class='ocrx_word' id='word_1_205' title='bbox 391 1812 610 1868; x_wconf 88' lang='lat' dir='ltr'>discipulis</span> <span class='ocrx_word' id='word_1_206' title='bbox 638 1813 820 1855; x_wconf 88' lang='lat' dir='ltr'>conlato.</span> <span class='ocrx_word' id='word_1_207' title='bbox 872 1811 1210 1854; x_wconf 78' lang='lat' dir='ltr'>Grammaticum</span> <span class='ocrx_word' id='word_1_208' title='bbox 1236 1810 1368 1865; x_wconf 85' lang='lat' dir='ltr'>igitur</span> <span class='ocrx_word' id='word_1_209' title='bbox 1395 1808 1519 1850; x_wconf 89' lang='lat' dir='ltr'>illum</span> <span class='ocrx_word' id='word_1_210' title='bbox 1545 1807 1654 1849; x_wconf 84' lang='lat' dir='ltr'>Rho-</span> 
     </span>
     <span class='ocr_line' id='line_1_25' title="bbox 135 1879 1659 1940; baseline -0.003 -16"><span class='ocrx_word' id='word_1_211' title='bbox 135 1883 251 1925; x_wconf 90' lang='lat' dir='ltr'>dium</span> <span class='ocrx_word' id='word_1_212' title='bbox 292 1898 389 1926; x_wconf 92' lang='lat' dir='ltr'>eum</span> <span class='ocrx_word' id='word_1_213' title='bbox 427 1884 558 1926; x_wconf 86' lang='lat' dir='ltr'>fuisse</span> <span class='ocrx_word' id='word_1_214' title='bbox 597 1885 901 1939; x_wconf 87' lang='lat' dir='ltr'>comperimus,</span> <span class='ocrx_word' id='word_1_215' title='bbox 947 1884 1020 1940; x_wconf 89' lang='lat' dir='ltr'>qui</span> <span class='ocrx_word' id='word_1_216' title='bbox 1059 1886 1101 1925; x_wconf 87' lang='lat' dir='ltr'>et</span> <span class='ocrx_word' id='word_1_217' title='bbox 1138 1880 1345 1937; x_wconf 88' lang='lat' dir='ltr'>pingendi</span> <span class='ocrx_word' id='word_1_218' title='bbox 1385 1883 1427 1922; x_wconf 90' lang='lat' dir='ltr'>et</span> <span class='ocrx_word' id='word_1_219' title='bbox 1465 1879 1659 1922; x_wconf 83' lang='lat' dir='ltr'>caelandi</span> 
     </span>
     <span class='ocr_line' id='line_1_26' title="bbox 135 1949 1659 2011; baseline -0.003 -15"><span class='ocrx_word' id='word_1_220' title='bbox 135 1955 301 1997; x_wconf 90' lang='lat' dir='ltr'>artibus</span> <span class='ocrx_word' id='word_1_221' title='bbox 334 1969 510 2011; x_wconf 84' lang='lat' dir='ltr'>operam</span> <span class='ocrx_word' id='word_1_222' title='bbox 542 1955 709 1998; x_wconf 89' lang='lat' dir='ltr'>dederit</span> <span class='ocrx_word' id='word_1_223' title='bbox 740 1971 793 1998; x_wconf 93' lang='lat' dir='ltr'>ne</span> <span class='ocrx_word' id='word_1_224' title='bbox 826 1955 1008 1997; x_wconf 89' lang='lat' dir='ltr'>nimium</span> <span class='ocrx_word' id='word_1_225' title='bbox 1035 1954 1201 1996; x_wconf 90' lang='lat' dir='ltr'>mireris</span> <span class='ocrx_word' id='word_1_226' title='bbox 1229 1953 1274 1993; x_wconf 93' lang='lat' dir='ltr'>in</span> <span class='ocrx_word' id='word_1_227' title='bbox 1301 1949 1523 1993; x_wconf 87' lang='lat' dir='ltr'>Ciceronis</span> <span class='ocrx_word' id='word_1_228' title='bbox 1550 1949 1659 1992; x_wconf 79' lang='lat' dir='ltr'>Var-</span> 
     </span>
     <span class='ocr_line' id='line_1_27' title="bbox 134 2022 1660 2082; baseline -0.003 -15"><span class='ocrx_word' id='word_1_229' title='bbox 134 2025 251 2068; x_wconf 88' lang='lat' dir='ltr'>ronis</span> <span class='ocrx_word' id='word_1_230' title='bbox 299 2025 555 2075; x_wconf 86' lang='lat' dir='ltr'>Quintiliani</span> <span class='ocrx_word' id='word_1_231' title='bbox 599 2026 798 2082; x_wconf 87' lang='lat' dir='ltr'>Dionysii</span> <span class='ocrx_word' id='word_1_232' title='bbox 836 2024 1231 2068; x_wconf 87' lang='lat' dir='ltr'>Halicarnassensis</span> <span class='ocrx_word' id='word_1_233' title='bbox 1275 2023 1399 2065; x_wconf 88' lang='lat' dir='ltr'>libris</span> <span class='ocrx_word' id='word_1_234' title='bbox 1446 2026 1511 2063; x_wconf 88' lang='lat' dir='ltr'>tot</span> <span class='ocrx_word' id='word_1_235' title='bbox 1554 2022 1660 2064; x_wconf 87' lang='lat' dir='ltr'>locis</span> 
     </span>
     <span class='ocr_line' id='line_1_28' title="bbox 134 2092 1660 2151; baseline -0.003 -13"><span class='ocrx_word' id='word_1_236' title='bbox 134 2096 355 2151; x_wconf 89' lang='lat' dir='ltr'>utriusque</span> <span class='ocrx_word' id='word_1_237' title='bbox 378 2097 483 2139; x_wconf 88' lang='lat' dir='ltr'>artis</span> <span class='ocrx_word' id='word_1_238' title='bbox 502 2098 715 2140; x_wconf 89' lang='lat' dir='ltr'>rationem</span> <span class='ocrx_word' id='word_1_239' title='bbox 735 2098 905 2139; x_wconf 89' lang='lat' dir='ltr'>haberi:</span> <span class='ocrx_word' id='word_1_240' title='bbox 934 2097 1046 2140; x_wconf 90' lang='lat' dir='ltr'>conf.</span> <span class='ocrx_word' id='word_1_241' title='bbox 1067 2111 1197 2150; x_wconf 88' lang='lat' dir='ltr'>supra</span> <span class='ocrx_word' id='word_1_242' title='bbox 1217 2111 1258 2150; x_wconf 87' lang='lat' dir='ltr'>p.</span> <span class='ocrx_word' id='word_1_243' title='bbox 1281 2094 1376 2136; x_wconf 75' lang='grc'>112.</span> <span class='ocrx_word' id='word_1_244' title='bbox 1394 2094 1490 2135; x_wconf 81' lang='lat'>113.</span> <span class='ocrx_word' id='word_1_245' title='bbox 1521 2092 1660 2134; x_wconf 86' lang='lat' dir='ltr'>Multo</span> 
     </span>
     <span class='ocr_line' id='line_1_29' title="bbox 134 2163 1661 2219; baseline -0.004 -9"><span class='ocrx_word' id='word_1_246' title='bbox 134 2182 235 2211; x_wconf 91' lang='lat' dir='ltr'>uero</span> <span class='ocrx_word' id='word_1_247' title='bbox 281 2168 418 2211; x_wconf 85' lang='lat' dir='ltr'>acrius</span> <span class='ocrx_word' id='word_1_248' title='bbox 459 2168 608 2210; x_wconf 90' lang='lat' dir='ltr'>Aelius</span> <span class='ocrx_word' id='word_1_249' title='bbox 653 2169 869 2210; x_wconf 85' lang='lat' dir='ltr'>litterator</span> <span class='ocrx_word' id='word_1_250' title='bbox 912 2167 1054 2209; x_wconf 84' lang='lat' dir='ltr'>Rhodi</span> <span class='ocrx_word' id='word_1_251' title='bbox 1098 2165 1344 2208; x_wconf 86' lang='lat' dir='ltr'>rhetoribus</span> <span class='ocrx_word' id='word_1_252' title='bbox 1388 2163 1661 2219; x_wconf 86' lang='lat' dir='ltr'>philosophis</span> 
     </span>
     <span class='ocr_line' id='line_1_30' title="bbox 134 2235 1661 2295; baseline -0.004 -14"><span class='ocrx_word' id='word_1_253' title='bbox 134 2239 428 2295; x_wconf 87' lang='lat' dir='ltr'>grammaticis</span> <span class='ocrx_word' id='word_1_254' title='bbox 468 2239 560 2282; x_wconf 87' lang='lat' dir='ltr'>sine</span> <span class='ocrx_word' id='word_1_255' title='bbox 600 2240 728 2282; x_wconf 90' lang='lat' dir='ltr'>dubio</span> <span class='ocrx_word' id='word_1_256' title='bbox 768 2240 988 2295; x_wconf 88' lang='lat' dir='ltr'>studebat,</span> <span class='ocrx_word' id='word_1_257' title='bbox 1027 2253 1154 2294; x_wconf 88' lang='lat' dir='ltr'>quam</span> <span class='ocrx_word' id='word_1_258' title='bbox 1187 2236 1390 2279; x_wconf 84' lang='lat' dir='ltr'>Metellus</span> <span class='ocrx_word' id='word_1_259' title='bbox 1423 2235 1661 2277; x_wconf 87' lang='lat' dir='ltr'>consularis</span> 
     </span>
     <span class='ocr_line' id='line_1_31' title="bbox 135 2305 1663 2366; baseline -0.004 -14"><span class='ocrx_word' id='word_1_260' title='bbox 135 2313 177 2352; x_wconf 89' lang='lat' dir='ltr'>et</span> <span class='ocrx_word' id='word_1_261' title='bbox 215 2310 318 2352; x_wconf 90' lang='lat' dir='ltr'>anni</span> <span class='ocrx_word' id='word_1_262' title='bbox 354 2311 419 2352; x_wconf 89' lang='lat' dir='ltr'>illi</span> <span class='ocrx_word' id='word_1_263' title='bbox 463 2310 546 2353; x_wconf 92' lang='lat' dir='ltr'>duo</span> <span class='ocrx_word' id='word_1_264' title='bbox 586 2326 693 2366; x_wconf 90' lang='lat' dir='ltr'>quos</span> <span class='ocrx_word' id='word_1_265' title='bbox 730 2311 881 2353; x_wconf 89' lang='lat' dir='ltr'>Aelius</span> <span class='ocrx_word' id='word_1_266' title='bbox 927 2326 1022 2354; x_wconf 87' lang='lat' dir='ltr'>cum</span> <span class='ocrx_word' id='word_1_267' title='bbox 1060 2309 1288 2351; x_wconf 84' lang='lat' dir='ltr'>Numidico</span> <span class='ocrx_word' id='word_1_268' title='bbox 1335 2307 1479 2350; x_wconf 87' lang='lat' dir='ltr'>exsule</span> <span class='ocrx_word' id='word_1_269' title='bbox 1519 2305 1663 2348; x_wconf 85' lang='lat' dir='ltr'>Rhodi</span> 
     </span>
     <span class='ocr_line' id='line_1_32' title="bbox 135 2380 1663 2438; baseline -0.002 -16"><span class='ocrx_word' id='word_1_270' title='bbox 135 2381 254 2437; x_wconf 89' lang='lat' dir='ltr'>degit</span> <span class='ocrx_word' id='word_1_271' title='bbox 275 2381 462 2424; x_wconf 86' lang='lat' dir='ltr'>eiusdem</span> <span class='ocrx_word' id='word_1_272' title='bbox 489 2383 683 2438; x_wconf 86' lang='lat' dir='ltr'>profecto</span> <span class='ocrx_word' id='word_1_273' title='bbox 705 2383 915 2425; x_wconf 89' lang='lat' dir='ltr'>momenti</span> <span class='ocrx_word' id='word_1_274' title='bbox 937 2382 1109 2424; x_wconf 84' lang='lat' dir='ltr'>fuerunt</span> <span class='ocrx_word' id='word_1_275' title='bbox 1136 2381 1189 2423; x_wconf 88' lang='lat' dir='ltr'>ad</span> <span class='ocrx_word' id='word_1_276' title='bbox 1210 2380 1353 2422; x_wconf 89' lang='lat' dir='ltr'>studia</span> <span class='ocrx_word' id='word_1_277' title='bbox 1380 2392 1486 2434; x_wconf 85' lang='lat' dir='ltr'>quae</span> <span class='ocrx_word' id='word_1_278' title='bbox 1512 2380 1663 2433; x_wconf 84' lang='lat' dir='ltr'>postea</span> 
     </span>
     <span class='ocr_line' id='line_1_33' title="bbox 135 2450 1661 2509; baseline -0.002 -15"><span class='ocrx_word' id='word_1_279' title='bbox 135 2452 299 2494; x_wconf 88' lang='lat' dir='ltr'>Romae</span> <span class='ocrx_word' id='word_1_280' title='bbox 341 2453 522 2495; x_wconf 86' lang='lat' dir='ltr'>Aeliana</span> <span class='ocrx_word' id='word_1_281' title='bbox 567 2455 899 2509; x_wconf 86' lang='lat' dir='ltr'>appellabantur</span> <span class='ocrx_word' id='word_1_282' title='bbox 944 2453 1167 2496; x_wconf 87' lang='lat' dir='ltr'>excitanda</span> <span class='ocrx_word' id='word_1_283' title='bbox 1211 2455 1253 2494; x_wconf 87' lang='lat' dir='ltr'>et</span> <span class='ocrx_word' id='word_1_284' title='bbox 1294 2450 1489 2506; x_wconf 85' lang='lat' dir='ltr'>augenda</span> <span class='ocrx_word' id='word_1_285' title='bbox 1534 2452 1661 2504; x_wconf 88' lang='lat' dir='ltr'>atque</span> 
     </span>
     <span class='ocr_line' id='line_1_34' title="bbox 137 2521 1661 2580; baseline -0.003 -14"><span class='ocrx_word' id='word_1_286' title='bbox 137 2524 417 2567; x_wconf 88' lang='lat' dir='ltr'>celeberrima</span> <span class='ocrx_word' id='word_1_287' title='bbox 466 2525 626 2580; x_wconf 87' lang='lat' dir='ltr'>legatio</span> <span class='ocrx_word' id='word_1_288' title='bbox 677 2525 753 2567; x_wconf 88' lang='lat' dir='ltr'>illa</span> <span class='ocrx_word' id='word_1_289' title='bbox 802 2526 956 2567; x_wconf 84' lang='lat' dir='ltr'>Attali.</span> <span class='ocrx_word' id='word_1_290' title='bbox 1024 2525 1165 2579; x_wconf 86' lang='lat' dir='ltr'>Atque</span> <span class='ocrx_word' id='word_1_291' title='bbox 1215 2522 1438 2565; x_wconf 89' lang='lat' dir='ltr'>rhetoricis</span> <span class='ocrx_word' id='word_1_292' title='bbox 1490 2521 1661 2576; x_wconf 84' lang='lat' dir='ltr'>quidem</span> 
     </span>
     <span class='ocr_line' id='line_1_35' title="bbox 137 2592 1662 2650; baseline -0.002 -14"><span class='ocrx_word' id='word_1_293' title='bbox 137 2595 291 2637; x_wconf 89' lang='lat' dir='ltr'>studiis</span> <span class='ocrx_word' id='word_1_294' title='bbox 319 2594 530 2637; x_wconf 82' lang='lat' dir='ltr'>Stilonem</span> <span class='ocrx_word' id='word_1_295' title='bbox 558 2610 734 2650; x_wconf 85' lang='lat' dir='ltr'>operam</span> <span class='ocrx_word' id='word_1_296' title='bbox 763 2596 930 2638; x_wconf 79' lang='lat' dir='ltr'>dedisse</span> <span class='ocrx_word' id='word_1_297' title='bbox 958 2599 1001 2638; x_wconf 87' lang='lat' dir='ltr'>et</span> <span class='ocrx_word' id='word_1_298' title='bbox 1028 2594 1142 2637; x_wconf 87' lang='lat' dir='ltr'>Suet.</span> <span class='ocrx_word' id='word_1_299' title='bbox 1169 2595 1195 2637; x_wconf 89' lang='lat' dir='ltr'>l.</span> <span class='ocrx_word' id='word_1_300' title='bbox 1216 2610 1248 2637; x_wconf 79' lang='lat' dir='ltr'>S.</span> <span class='ocrx_word' id='word_1_301' title='bbox 1269 2597 1312 2635; x_wconf 92' lang='lat' dir='ltr'>et</span> <span class='ocrx_word' id='word_1_302' title='bbox 1338 2592 1486 2635; x_wconf 87' lang='lat' dir='ltr'>Cicero</span> <span class='ocrx_word' id='word_1_303' title='bbox 1514 2595 1662 2634; x_wconf 89' lang='lat' dir='ltr'>auctor</span> 
     </span>
     <span class='ocr_line' id='line_1_36' title="bbox 135 2663 1660 2721; baseline -0.003 -13"><span class='ocrx_word' id='word_1_304' title='bbox 135 2669 202 2708; x_wconf 89' lang='lat' dir='ltr'>est</span> <span class='ocrx_word' id='word_1_305' title='bbox 241 2666 313 2720; x_wconf 89' lang='lat' dir='ltr'>qui</span> <span class='ocrx_word' id='word_1_306' title='bbox 345 2665 466 2708; x_wconf 89' lang='lat' dir='ltr'>Brut.</span> <span class='ocrx_word' id='word_1_307' title='bbox 493 2666 567 2719; x_wconf 81' lang='lat'>46,</span> <span class='ocrx_word' id='word_1_308' title='bbox 597 2664 700 2708; x_wconf 79' lang='lat'>169.</span> <span class='ocrx_word' id='word_1_309' title='bbox 733 2667 801 2721; x_wconf 77' lang='lat'>56,</span> <span class='ocrx_word' id='word_1_310' title='bbox 827 2667 913 2709; x_wconf 74' lang='lat'>206</span> <span class='ocrx_word' id='word_1_311' title='bbox 952 2665 1234 2708; x_wconf 82' lang='lat' dir='ltr'>nobilissimis</span> <span class='ocrx_word' id='word_1_312' title='bbox 1272 2665 1318 2706; x_wconf 90' lang='lat' dir='ltr'>in</span> <span class='ocrx_word' id='word_1_313' title='bbox 1350 2664 1524 2706; x_wconf 88' lang='lat' dir='ltr'>ciuitate</span> <span class='ocrx_word' id='word_1_314' title='bbox 1555 2663 1660 2705; x_wconf 88' lang='lat' dir='ltr'>uiris</span> 
     </span>
     <span class='ocr_line' id='line_1_37' title="bbox 136 2733 1661 2792; baseline -0.001 -14"><span class='ocrx_word' id='word_1_315' title='bbox 136 2752 233 2779; x_wconf 91' lang='lat' dir='ltr'>eum</span> <span class='ocrx_word' id='word_1_316' title='bbox 259 2737 476 2780; x_wconf 89' lang='lat' dir='ltr'>orationes</span> <span class='ocrx_word' id='word_1_317' title='bbox 503 2739 794 2792; x_wconf 89' lang='lat' dir='ltr'>composuisse</span> <span class='ocrx_word' id='word_1_318' title='bbox 819 2738 954 2780; x_wconf 88' lang='lat' dir='ltr'>tradit</span> <span class='ocrx_word' id='word_1_319' title='bbox 978 2738 1113 2779; x_wconf 90' lang='lat' dir='ltr'>ueluti</span> <span class='ocrx_word' id='word_1_320' title='bbox 1140 2736 1183 2779; x_wconf 86' lang='lat' dir='ltr'>C.</span> <span class='ocrx_word' id='word_1_321' title='bbox 1207 2735 1359 2779; x_wconf 86' lang='lat' dir='ltr'>Cottae</span> <span class='ocrx_word' id='word_1_322' title='bbox 1387 2734 1434 2784; x_wconf 86' lang='lat' dir='ltr'>Q.</span> <span class='ocrx_word' id='word_1_323' title='bbox 1456 2733 1661 2790; x_wconf 84' lang='lat' dir='ltr'>Caepioni</span> 
     </span>
     <span class='ocr_line' id='line_1_38' title="bbox 137 2807 1661 2864; baseline -0.001 -16"><span class='ocrx_word' id='word_1_324' title='bbox 137 2808 185 2858; x_wconf 87' lang='lat' dir='ltr'>Q.</span> <span class='ocrx_word' id='word_1_325' title='bbox 205 2807 383 2850; x_wconf 89' lang='lat' dir='ltr'>Metello</span> <span class='ocrx_word' id='word_1_326' title='bbox 411 2808 458 2858; x_wconf 90' lang='lat' dir='ltr'>Q.</span> <span class='ocrx_word' id='word_1_327' title='bbox 478 2808 703 2864; x_wconf 88' lang='lat' dir='ltr'>Pompeio:</span> <span class='ocrx_word' id='word_1_328' title='bbox 736 2809 844 2851; x_wconf 88' lang='lat' dir='ltr'>unde</span> <span class='ocrx_word' id='word_1_329' title='bbox 866 2809 1048 2852; x_wconf 86' lang='lat' dir='ltr'>Stilonis</span> <span class='ocrx_word' id='word_1_330' title='bbox 1075 2808 1167 2851; x_wconf 87' lang='lat' dir='ltr'>stili</span> <span class='ocrx_word' id='word_1_331' title='bbox 1194 2808 1259 2850; x_wconf 89' lang='lat' dir='ltr'>sui</span> <span class='ocrx_word' id='word_1_332' title='bbox 1285 2807 1400 2849; x_wconf 88' lang='lat' dir='ltr'>fama</span> <span class='ocrx_word' id='word_1_333' title='bbox 1423 2821 1661 2862; x_wconf 87' lang='lat' dir='ltr'>cognomen</span> 
     </span>
     <span class='ocr_line' id='line_1_39' title="bbox 137 2879 1660 2923; baseline 0 -3"><span class='ocrx_word' id='word_1_334' title='bbox 137 2879 268 2920; x_wconf 87' lang='lat' dir='ltr'>duxit.</span> <span class='ocrx_word' id='word_1_335' title='bbox 320 2879 388 2921; x_wconf 90' lang='lat' dir='ltr'>Ad</span> <span class='ocrx_word' id='word_1_336' title='bbox 420 2880 533 2922; x_wconf 91' lang='lat' dir='ltr'>Aelii</span> <span class='ocrx_word' id='word_1_337' title='bbox 565 2880 672 2922; x_wconf 88' lang='lat' dir='ltr'>istas</span> <span class='ocrx_word' id='word_1_338' title='bbox 706 2881 924 2923; x_wconf 91' lang='lat' dir='ltr'>orationes</span> <span class='ocrx_word' id='word_1_339' title='bbox 952 2879 1100 2923; x_wconf 86' lang='lat' dir='ltr'>Cicero</span> <span class='ocrx_word' id='word_1_340' title='bbox 1134 2894 1225 2922; x_wconf 87' lang='lat' dir='ltr'>sese</span> <span class='ocrx_word' id='word_1_341' title='bbox 1257 2879 1507 2921; x_wconf 84' lang='lat' dir='ltr'>facultatem</span> <span class='ocrx_word' id='word_1_342' title='bbox 1540 2893 1660 2920; x_wconf 84' lang='lat' dir='ltr'>suam</span> 
     </span>
    </p>
   </div>
  </div>
 </body>
</html>
