2003 3116
681 124 1047 158 PROLEGOMENA.
1570 124 1625 164 93

111 233 293 288 scriptor
320 235 362 274 et
387 232 449 274 III
475 233 539 287 12,
562 233 614 274 21
645 232 850 274 adhibitis
876 233 1062 275 conuenit
1086 235 1235 286 oportet
1260 233 1443 275 debemus
1474 233 1628 275 iterum

110 305 296 359 primum
317 303 419 344 illud
440 318 598 358 ponere
619 304 804 345 comtew'zit
830 319 914 345 non
935 303 1159 345 dubitauit.
1202 303 1282 345 Sed
1304 304 1415 358 quod
1435 304 1478 345 in
1499 304 1629 346 uersi-

110 376 188 416 bus
211 374 387 416 Pacuuii
409 375 481 429 qui
507 389 621 415 noua
646 374 884 416 rhetoricae
906 374 1125 417 dulcedine
1147 378 1299 429 captus
1320 375 1394 416 illa
1416 390 1544 417 ausus
1566 378 1630 416 est

109 448 253 500 potest
272 445 374 486 ferri
395 449 442 486 ut
461 445 660 487 licentiae
680 446 873 500 poeticae
894 460 1155 500 concessum,
1182 446 1224 486 id
1245 446 1355 500 apud
1378 447 1628 501 scriptorem

110 518 319 571 pedestris
353 517 559 557 sermonis
592 517 713 570 pueri
745 516 814 557 uel
848 516 1155 558 adulescentuli
1188 517 1379 559 ostendit
1410 518 1628 573 ingenium

109 589 324 630 curiosum
345 590 387 628 et
408 590 627 641 tamquam
648 587 944 628 immaturum:
972 587 1133 629 scilicet
1151 591 1328 642 propter
1354 588 1465 629 hunc
1490 589 1629 643 ipsum

109 660 327 714 epilogum
349 658 488 713 operis
509 657 825 699 concedendum
846 673 933 700 non
955 661 1020 699 est
1042 660 1088 699 ut
1108 659 1158 699 de
1181 659 1332 714 grandi
1347 660 1490 713 aliquo
1511 674 1629 713 prae-

107 732 271 771 textato
299 730 370 785 qui
403 732 552 772 auctor
586 730 793 771 librorum
828 729 880 770 ad
907 728 1006 770 Her.
1034 729 1165 770 fuerit
1196 730 1371 771 omnino
1406 730 1628 785 cogitetur.

224 801 366 855 Atque
385 801 610 856 praecipue
630 801 676 841 in
698 801 758 842 eis
779 815 885 854 quae
911 815 997 842 non
1018 800 1227 842 tradentis
1249 801 1321 842 sed
1342 801 1474 854 ipsius
1497 801 1629 855 scrip-

107 872 214 913 toris
250 874 350 913 sunt
376 871 511 913 ueluti
543 872 762 926 prooemia
789 874 831 913 et
858 872 1017 926 epilogi
1043 872 1180 913 multa
1205 871 1353 926 inepta
1380 874 1421 912 et
1448 872 1630 926 puerilia

105 943 289 984 inueniri
330 945 662 985 consentaneum
701 945 779 984 est.
842 942 961 992 Quod
1001 943 1112 984 idem
1151 943 1337 997 pertinet
1376 943 1426 984 ad
1468 944 1629 984 addita-

105 1017 251 1056 menta
294 1014 367 1056 illa
408 1015 562 1070 quibus
602 1015 794 1070 singulae
833 1015 945 1056 inter
989 1030 1032 1056 se
1076 1018 1304 1069 praecepta
1350 1015 1629 1056 collinuntur:

104 1086 380 1127 transitiones
414 1086 513 1127 illas
547 1086 642 1128 dico
682 1090 724 1127 et
757 1087 1097 1127 enumerationes
1131 1101 1273 1127 rerum
1307 1089 1434 1127 antea
1466 1086 1630 1141 exposi-

104 1159 246 1198 tarum
291 1172 396 1212 quas
441 1157 626 1199 editores
667 1157 763 1198 inde
809 1174 833 1198 a
873 1156 1096 1199 Schuetzio
1138 1157 1352 1199 eiecerunt
1390 1158 1627 1212 plerasque,

105 1242 184 1283 ego
217 1229 360 1283 potius
387 1229 690 1283 uituperandas
721 1231 763 1269 et
789 1229 957 1283 quando
991 1229 1144 1270 libebit
1176 1228 1373 1269 ridendas
1402 1243 1493 1270 esse
1520 1232 1626 1283 puto

106 1314 232 1354 quam
271 1300 483 1342 eiciendas
522 1303 571 1341 ut
609 1300 816 1355 scriptore
853 1300 1072 1355 indignas:
1114 1314 1237 1354 quem
1276 1300 1466 1354 plerique
1510 1301 1628 1355 prius

107 1371 318 1412 uiolenter
350 1374 515 1413 mutare
549 1372 641 1413 au'si
673 1374 772 1413 sunt
804 1387 931 1426 quam
966 1372 1104 1427 qualis
1137 1386 1288 1413 reuera
1320 1372 1376 1413 sit
1406 1372 1627 1413 intellexe-

108 1442 204 1485 rint.
255 1442 417 1491 Quodsi
449 1444 542 1498 quis
575 1443 705 1484 talem
733 1444 989 1484 sententiam
1017 1443 1157 1497 qualis
1184 1443 1372 1484 traditur
1391 1442 1454 1484 IV
1470 1444 1540 1497 46,
1556 1444 1629 1484 59:

107 1512 175 1554 ‘ut
212 1514 341 1567 paulo
381 1521 477 1556 ante
516 1529 611 1556 cum
651 1515 700 1556 de
740 1514 984 1556 cursoribus
1017 1514 1318 1556 adserebatur'
1360 1517 1408 1556 ut
1440 1515 1626 1569 spuriam

106 1584 338 1639 damnabit,
371 1599 449 1641 ego
476 1586 684 1640 probabo,
716 1586 816 1640 quia
842 1587 1056 1627 adserendi
1086 1586 1344 1627 uocabulum
1377 1586 1630 1627 ecclesiasti-

105 1671 251 1698 corum
286 1657 541 1711 scriptorum
575 1658 722 1699 stilum
755 1657 935 1698 redolet:
969 1658 1035 1698 sin
1067 1657 1154 1698 alia
1187 1672 1295 1712 quae
1328 1658 1452 1699 bonis
1487 1658 1628 1698 uerbis

107 1728 219 1770 dicta
257 1731 358 1770 sunt
394 1729 551 1771 idcirco
590 1729 800 1771 reicienda
841 1743 932 1770 esse
970 1728 1193 1784 iudicabit,
1234 1730 1334 1784 quia
1366 1730 1510 1783 inepta
1543 1729 1630 1770 sint

107 1802 181 1842 aut
210 1799 370 1855 futilia,
409 1814 487 1855 ego
520 1815 616 1842 eum
649 1803 789 1842 totum
821 1801 965 1855 potius
1000 1801 1154 1842 reicere
1188 1801 1343 1843 iubebo
1376 1801 1628 1855 scriptorem

109 1886 237 1927 quam
287 1872 481 1927 singulos
532 1873 622 1913 eius
672 1873 802 1914 locos.
864 1872 1086 1914 Eiusmodi
1138 1887 1236 1914 uero
1289 1872 1629 1913 enumerationes

106 1957 247 1985 rerum
286 1946 412 1985 antea
450 1944 741 1999 expositarum
781 1959 888 1998 quae
925 1945 1176 1998 plerumque
1215 1958 1311 1985 cum
1346 1944 1482 1997 Iyibm·
1515 1943 1629 1999 Eryo

107 2014 310 2066 Quoniam
341 2016 467 2069 igitur
497 2015 706 2070 incipiant
739 2015 950 2056 scribendi
979 2015 1229 2056 facultatem
1255 2018 1427 2056 tenuem
1461 2017 1503 2055 et
1536 2014 1618 2055 exi-

107 2100 236 2141 guam
275 2087 498 2140 scriptoris
538 2087 643 2128 satis
683 2086 915 2128 manifesto
949 2086 1200 2128 ostendunt:
1238 2100 1337 2127 nam
1380 2101 1473 2127 cum
1507 2100 1627 2140 prae-

107 2161 326 2212 ceptorum
378 2157 563 2199 doctoris
613 2158 805 2211 ipsorum
856 2172 962 2212 quae
1008 2171 1173 2212 quoque
1224 2157 1319 2198 loco
1371 2156 1629 2198 antecedunt

107 2229 360 2283 compositio
394 2228 621 2270 admodum
649 2229 707 2270 sit
733 2229 877 2270 sobria
906 2232 948 2270 et
974 2232 1103 2283 recta,
1135 2229 1179 2269 in
1211 2228 1514 2270 additamentis
1540 2228 1628 2269 illis

106 2300 336 2355 discipulus
358 2300 495 2355 garrit
521 2302 565 2341 et
591 2300 778 2341 balbutit
804 2300 1085 2355 ineptissime.
1133 2298 1242 2341 Sunt
1266 2302 1413 2341 tamen
1432 2299 1627 2354 genuina.

107 2368 181 2413 Sin
214 2372 338 2413 aliter
369 2372 551 2427 iudicas,
590 2372 883 2414 demonstrato
923 2372 966 2413 in
1005 2372 1085 2413 hoc
1118 2371 1213 2413 loco
1247 2386 1272 2412 a
1303 2371 1498 2425 Kaysero
1532 2370 1628 2411 aliis

105 2441 240 2484 eiecto
272 2443 340 2484 uel
372 2457 503 2484 unum
536 2443 714 2484 uerbum
747 2445 896 2485 contra
926 2443 1277 2484 consuetudinem
1306 2442 1528 2497 scriptoris
1555 2458 1626 2497 po-

106 2513 237 2555 situm
276 2528 366 2555 esse
403 2513 465 2555 IV
497 2514 659 2569 37‚50:
705 2514 843 2570 ‘Ergo
886 2514 991 2555 haec
1037 2515 1276 2569 exornatio,
1320 2515 1387 2556 cui
1429 2514 1627 2555 licentiae

106 2599 262 2626 nomen
288 2588 364 2640 est,
396 2585 524 2626 sicuti
548 2586 949 2640 demonstrauimus,
975 2585 1134 2639 duplici
1160 2586 1323 2627 ratione
1349 2585 1627 2626 tractabitur:

107 2657 360 2711 acrimonia,
396 2671 504 2711 quae
536 2656 572 2697 si
606 2657 785 2698 nimium
816 2656 947 2698 fuerit
979 2670 1148 2710 aspera,
1189 2656 1461 2711 mitigabitur
1493 2657 1627 2710 laude,

105 2730 148 2769 et
180 2727 522 2781 adsimulatione,
554 2726 604 2767 de
630 2742 714 2782 qua
744 2728 956 2781 posterius
984 2727 1181 2781 diximus,
1213 2742 1320 2782 quae
1347 2742 1433 2769 non
1463 2727 1629 2783 indiget

108 2800 406 2855 mitigationis,
432 2802 660 2854 propterea
681 2799 793 2853 quod
813 2799 1007 2840 imitatur
1026 2799 1244 2840 licentiam
1266 2802 1308 2841 et
1329 2814 1405 2840 sua
1432 2801 1629 2853 spontest

107 2871 158 2912 ad
181 2871 368 2913 animum
392 2870 600 2912 auditoris
629 2869 980 2913 adcommodata.’
1026 2868 1157 2912 Cuius
1183 2871 1266 2912 loci
1294 2871 1499 2912 simillimi
1526 2873 1626 2912 sunt
